symbol,bids,asks,timestamp,Mid_Price,Quoted_Spread,First_Layer_Liquidity
ETHBTC,"[['0.06257000', '18.43330000'], ['0.06157000', '24.33740000']]",[],1693386199290,,,
ETHBTC,"[['0.06254000', '44.28470000'], ['0.06157000', '24.33400000']]",[],1693386200290,,,
ETHBTC,"[['0.06257000', '16.82940000'], ['0.05631000', '0.87330000']]",[],1693386201290,,,
ETHBTC,"[['0.06257000', '16.51100000'], ['0.06250000', '96.23580000'], ['0.06241000', '12.81180000'], ['0.06157000', '24.33570000']]","[['0.06262000', '27.08450000'], ['0.06269000', '0.12740000']]",1693386202290,0.062595,4.999999999999449e-05,43.5955
ETHBTC,"[['0.06253000', '45.44600000'], ['0.06157000', '24.33400000']]","[['0.06261000', '46.88580000'], ['0.06263000', '41.70660000'], ['0.06265000', '7.11770000']]",1693386203290,0.06257,7.999999999999674e-05,92.3318
ETHBTC,"[['0.06193000', '5.38150000']]",[],1693386204290,,,
ETHBTC,"[['0.06241000', '65.90980000'], ['0.06157000', '24.33570000']]","[['0.06258000', '96.50310000'], ['0.06259000', '81.84830000'], ['0.06269000', '37.02940000']]",1693386205290,0.062494999999999995,0.00016999999999999654,162.4129
ETHBTC,"[['0.06235000', '4.05520000'], ['0.06157000', '24.33570000']]","[['0.06297000', '5.29800000']]",1693386206291,0.06266,0.0006199999999999956,9.353200000000001
ETHBTC,"[['0.06249000', '11.30980000'], ['0.06157000', '24.33400000']]",[],1693386207291,,,
ETHBTC,[],"[['0.06262000', '27.06830000']]",1693386208291,,,
ETHBTC,"[['0.06257000', '14.31150000']]",[],1693386209291,,,
ETHBTC,"[['0.06248000', '22.59920000']]",[],1693386210291,,,
ETHBTC,"[['0.06257000', '4.32380000'], ['0.06256000', '44.15190000'], ['0.06255000', '52.24350000'], ['0.06254000', '42.68200000'], ['0.06248000', '25.31330000'], ['0.06157000', '24.33400000']]",[],1693386211291,,,
ETHBTC,"[['0.06256000', '49.97370000'], ['0.06254000', '36.85890000']]",[],1693386213291,,,
ETHBTC,"[['0.06241000', '12.81180000'], ['0.06111000', '137.76180000']]","[['0.06269000', '0.12740000']]",1693386214291,0.06255,0.00027999999999999553,12.9392
ETHBTC,"[['0.06182000', '6.79300000'], ['0.06157000', '24.33400000']]",[],1693386215291,,,
ETHBTC,"[['0.06235000', '4.05520000'], ['0.06006000', '2.20370000']]","[['0.06297000', '5.29800000']]",1693386216291,0.06266,0.0006199999999999956,9.353200000000001
ETHBTC,"[['0.06241000', '65.90980000'], ['0.06007000', '3.24330000'], ['0.05631000', '0.87330000']]","[['0.06269000', '37.02940000']]",1693386217291,0.06255,0.00027999999999999553,102.9392
ETHBTC,"[['0.06255000', '46.42170000'], ['0.06254000', '42.68200000']]","[['0.06324000', '12.90890000']]",1693386218291,0.062895,0.00069000000000001,59.330600000000004
ETHBTC,"[['0.06257000', '7.52380000'], ['0.06256000', '46.85130000'], ['0.06157000', '24.33570000']]",[],1693386220291,,,
ETHBTC,"[['0.06157000', '24.33400000']]",[],1693386221291,,,
ETHBTC,"[['0.06112000', '2.69870000']]",[],1693386222291,,,
ETHBTC,"[['0.06257000', '7.50990000'], ['0.06157000', '24.33740000']]",[],1693386224291,,,
ETHBTC,"[['0.06257000', '13.14920000'], ['0.06256000', '41.33890000'], ['0.06157000', '24.33400000']]",[],1693386225291,,,
ETHBTC,"[['0.06255000', '48.72170000'], ['0.06254000', '43.46550000'], ['0.06253000', '19.77570000'], ['0.06252000', '51.50520000'], ['0.06250000', '100.83580000'], ['0.06248000', '29.91330000'], ['0.06246000', '67.50960000'], ['0.06241000', '12.81180000'], ['0.06235000', '4.05520000']]","[['0.06258000', '88.66470000'], ['0.06259000', '57.24050000'], ['0.06269000', '0.12740000'], ['0.06297000', '5.29800000']]",1693386226291,0.062565,3.0000000000002247e-05,137.38639999999998
ETHBTC,"[['0.06157000', '24.33570000']]",[],1693386227291,,,
ETHBTC,"[['0.06238000', '5.53800000'], ['0.06157000', '24.33570000']]","[['0.06259000', '91.52400000'], ['0.06313000', '2.24920000']]",1693386228292,0.062485,0.0002100000000000088,97.062
ETHBTC,"[['0.06241000', '65.90980000'], ['0.06238000', '8.53800000'], ['0.06157000', '24.33400000']]","[['0.06269000', '37.02940000'], ['0.06313000', '3.24920000']]",1693386229292,0.06255,0.00027999999999999553,102.9392
ETHBTC,"[['0.06253000', '44.39310000'], ['0.06252000', '26.92230000'], ['0.06112000', '2.73800000']]",[],1693386230292,,,
ETHBTC,"[['0.06257000', '22.36540000'], ['0.06256000', '35.52800000']]","[['0.06259000', '57.24050000']]",1693386231292,0.06258,2.0000000000006124e-05,79.60589999999999
ETHBTC,"[['0.05631000', '0.87330000']]","[['0.06259000', '91.52400000']]",1693386232292,0.05945,0.006280000000000008,92.3973
ETHBTC,[],"[['0.06259000', '57.24050000'], ['0.06260000', '65.64750000']]",1693386235292,,,
ETHBTC,"[['0.06235000', '4.05520000'], ['0.06171000', '9.72380000'], ['0.06162000', '7.25970000']]","[['0.06297000', '5.29800000']]",1693386236292,0.06266,0.0006199999999999956,9.353200000000001
ETHBTC,"[['0.06249000', '10.95130000']]","[['0.06259000', '91.52400000'], ['0.06260000', '31.36400000']]",1693386237292,0.06254,0.0001000000000000098,102.4753
ETHBTC,"[['0.06241000', '12.81180000'], ['0.06237000', '4.98810000'], ['0.06157000', '24.33400000']]","[['0.06269000', '0.12740000']]",1693386238292,0.06255,0.00027999999999999553,12.9392
ETHBTC,"[['0.06250000', '101.19480000'], ['0.06237000', '4.98640000']]",[],1693386239292,,,
ETHBTC,[],"[['0.06314000', '2.43220000']]",1693386240292,,,
ETHBTC,"[['0.06257000', '22.35590000']]",[],1693386241292,,,
ETHBTC,"[['0.06241000', '65.90980000'], ['0.06237000', '4.98640000']]","[['0.06269000', '37.02940000']]",1693386242292,0.06255,0.00027999999999999553,102.9392
ETHBTC,[],"[['0.06451000', '10.53170000']]",1693386243292,,,
ETHBTC,"[['0.06256000', '35.98260000']]",[],1693386245292,,,
ETHBTC,"[['0.06257000', '22.32990000']]","[['0.06259000', '57.24050000'], ['0.06260000', '65.64750000']]",1693386246292,0.06258,2.0000000000006124e-05,79.57039999999999
ETHBTC,"[['0.06257000', '22.23660000'], ['0.06235000', '4.05520000'], ['0.05631000', '0.87330000']]","[['0.06263000', '38.42870000'], ['0.06297000', '5.29800000']]",1693386247292,0.0626,6.0000000000004494e-05,60.6653
ETHBTC,[],"[['0.06258000', '87.06680000'], ['0.06259000', '57.24050000'], ['0.06260000', '31.36400000'], ['0.06266000', '36.58470000'], ['0.06348000', '22.20270000'], ['0.06349000', '46.81200000'], ['0.06448000', '4.55510000']]",1693386248292,,,
ETHBTC,"[['0.06255000', '49.72170000'], ['0.06254000', '42.46550000']]",[],1693386249292,,,
ETHBTC,"[['0.06241000', '12.81180000'], ['0.06199000', '2.69490000']]","[['0.06260000', '65.64750000'], ['0.06269000', '0.12740000']]",1693386250293,0.062505,0.00019000000000000267,78.4593
ETHBTC,"[['0.06200000', '30.93410000']]","[['0.06278000', '3.13580000'], ['0.06279000', '1.17990000']]",1693386251293,0.06239,0.0007800000000000029,34.069900000000004
ETHBTC,"[['0.06254000', '68.74520000'], ['0.06253000', '19.77570000']]",[],1693386252293,,,
ETHBTC,"[['0.06241000', '65.90980000']]","[['0.06269000', '37.02940000']]",1693386253293,0.06255,0.00027999999999999553,102.9392
ETHBTC,[],"[['0.06259000', '91.52400000'], ['0.06260000', '31.36400000']]",1693386255293,,,
ETHBTC,"[['0.06256000', '35.52800000'], ['0.06254000', '67.96170000'], ['0.06252000', '26.95420000'], ['0.06251000', '39.53870000'], ['0.06249000', '10.38490000'], ['0.06157000', '24.33570000']]","[['0.06258000', '77.16990000'], ['0.06259000', '94.56750000'], ['0.06260000', '31.42430000']]",1693386256293,0.06257,1.9999999999992246e-05,112.6979
ETHBTC,"[['0.06252000', '27.10420000'], ['0.06235000', '4.05520000'], ['0.06217000', '4.68530000'], ['0.06216000', '30.38050000'], ['0.06157000', '24.33400000']]","[['0.06259000', '94.71750000'], ['0.06297000', '5.29800000']]",1693386257293,0.062555,7.000000000000062e-05,121.82169999999999
ETHBTC,"[['0.06257000', '21.43660000'], ['0.06157000', '24.33400000']]","[['0.06258000', '79.58710000'], ['0.06259000', '91.07380000']]",1693386258293,0.06257499999999999,9.999999999996123e-06,101.0237
ETHBTC,[],"[['0.06258000', '79.58530000']]",1693386260293,,,
ETHBTC,"[['0.06254000', '67.96170000']]",[],1693386261293,,,
ETHBTC,"[['0.06241000', '12.81180000'], ['0.06157000', '24.33570000'], ['0.05631000', '0.87330000']]","[['0.06258000', '82.66370000'], ['0.06259000', '87.79810000'], ['0.06269000', '0.12740000']]",1693386262293,0.062494999999999995,0.00016999999999999654,95.47550000000001
ETHBTC,"[['0.06254000', '41.68200000'], ['0.06253000', '45.78170000'], ['0.06251000', '41.53640000'], ['0.06250000', '99.19710000'], ['0.06157000', '24.33400000']]","[['0.06260000', '31.42430000'], ['0.06262000', '27.06830000']]",1693386263293,0.06257,6.0000000000004494e-05,73.1063
ETHBTC,"[['0.06241000', '65.90980000']]","[['0.06269000', '37.02940000']]",1693386264293,0.06255,0.00027999999999999553,102.9392
ETHBTC,"[['0.06254000', '67.59720000'], ['0.06253000', '19.77570000']]",[],1693386265293,,,
ETHBTC,"[['0.06256000', '37.12650000'], ['0.06235000', '4.05520000'], ['0.06157000', '24.33570000']]","[['0.06297000', '5.29800000']]",1693386267294,0.062765,0.0004099999999999937,42.4245
ETHBTC,"[['0.06157000', '24.33570000']]",[],1693386268294,,,
ETHBTC,"[['0.06256000', '37.58850000'], ['0.06250000', '99.67500000'], ['0.06157000', '24.33400000']]","[['0.06260000', '31.85950000']]",1693386269294,0.06258,3.999999999999837e-05,69.44800000000001
ETHBTC,"[['0.06157000', '24.33570000'], ['0.06112000', '2.69870000']]",[],1693386271294,,,
ETHBTC,"[['0.06157000', '24.33400000']]",[],1693386272294,,,
ETHBTC,"[['0.06157000', '24.33570000']]",[],1693386273294,,,
ETHBTC,"[['0.06241000', '12.81180000'], ['0.06157000', '24.33400000'], ['0.06112000', '2.73800000']]","[['0.06269000', '0.12740000']]",1693386274294,0.06255,0.00027999999999999553,12.9392
ETHBTC,"[['0.06254000', '41.68200000'], ['0.06253000', '46.20790000']]",[],1693386275294,,,
ETHBTC,"[['0.06254000', '68.11420000'], ['0.06253000', '19.77570000'], ['0.06248000', '27.19920000']]",[],1693386276294,,,
ETHBTC,"[['0.06249000', '12.64590000'], ['0.06241000', '65.90980000']]","[['0.06269000', '37.02940000'], ['0.06314000', '3.38070000']]",1693386277294,0.06258999999999999,0.0001999999999999988,49.6753
ETHBTC,"[['0.06254000', '41.68200000'], ['0.06253000', '46.45860000'], ['0.06235000', '4.05520000'], ['0.05631000', '0.87330000']]","[['0.06297000', '5.29800000']]",1693386278294,0.062755,0.0004299999999999998,46.980000000000004
ETHBTC,"[['0.06257000', '21.90190000'], ['0.06255000', '49.26000000'], ['0.06254000', '68.36490000'], ['0.06253000', '19.77570000']]","[['0.06258000', '82.54750000']]",1693386279294,0.06257499999999999,9.999999999996123e-06,104.4494
ETHBTC,"[['0.06257000', '21.43660000']]",[],1693386280294,,,
ETHBTC,"[['0.06238000', '5.53800000']]",[],1693386282294,,,
ETHBTC,"[['0.06237000', '7.98640000']]","[['0.06313000', '3.24920000']]",1693386283294,0.06275,0.0007600000000000037,11.2356
ETHBTC,"[['0.06157000', '24.33740000']]","[['0.06258000', '82.03590000']]",1693386284294,0.062075,0.001009999999999997,106.3733
ETHBTC,"[['0.06254000', '41.68200000'], ['0.06253000', '46.48790000'], ['0.06157000', '24.33400000']]",[],1693386285295,,,
ETHBTC,"[['0.06254000', '68.39420000'], ['0.06253000', '19.77570000'], ['0.06241000', '12.81180000'], ['0.06157000', '24.33740000']]","[['0.06269000', '0.12740000']]",1693386286295,0.062615,0.00014999999999999736,68.52159999999999
ETHBTC,"[['0.06256000', '37.12650000'], ['0.06157000', '24.33400000']]",[],1693386287295,,,
ETHBTC,"[['0.06237000', '4.98640000'], ['0.06235000', '4.05520000']]","[['0.06297000', '5.29800000'], ['0.06313000', '2.24920000']]",1693386288295,0.06267,0.0005999999999999964,10.2844
ETHBTC,"[['0.06255000', '49.73230000'], ['0.06241000', '65.90980000'], ['0.06238000', '8.53800000']]","[['0.06269000', '37.02940000'], ['0.06313000', '3.24920000']]",1693386289295,0.06262,0.00014000000000000123,86.7617
ETHBTC,"[['0.06254000', '68.97620000'], ['0.06253000', '19.19370000'], ['0.06250000', '99.31600000'], ['0.06157000', '24.33400000']]","[['0.06258000', '81.91990000'], ['0.06260000', '31.85950000']]",1693386290295,0.06256,3.999999999999837e-05,150.8961
ETHBTC,"[['0.06249000', '13.00500000']]",[],1693386292295,,,
ETHBTC,"[['0.06257000', '18.23660000'], ['0.06256000', '40.38560000'], ['0.06255000', '46.43230000'], ['0.06254000', '42.68200000'], ['0.06253000', '19.19370000'], ['0.06252000', '22.50420000'], ['0.06250000', '94.71600000'], ['0.06248000', '22.59920000'], ['0.06246000', '83.60960000'], ['0.06238000', '5.53800000'], ['0.05631000', '0.87330000']]","[['0.06258000', '83.51780000']]",1693386293295,0.06257499999999999,9.999999999996123e-06,101.75439999999999
ETHBTC,"[['0.06254000', '43.26400000'], ['0.06253000', '45.66120000'], ['0.06238000', '8.53800000'], ['0.06094000', '2.31570000']]","[['0.06313000', '3.24920000']]",1693386294295,0.062835,0.0005900000000000072,46.513200000000005
ETHBTC,"[['0.06257000', '18.23150000'], ['0.06256000', '40.85730000'], ['0.06255000', '47.43230000'], ['0.06254000', '47.13650000'], ['0.06250000', '89.84530000']]",[],1693386297295,,,
ETHBTC,"[['0.06241000', '12.81180000'], ['0.06235000', '4.05520000'], ['0.06157000', '24.33570000']]","[['0.06269000', '0.12740000'], ['0.06297000', '5.29800000']]",1693386298295,0.06255,0.00027999999999999553,12.9392
ETHBTC,"[['0.06162000', '7.25640000'], ['0.06157000', '24.33400000'], ['0.06152000', '26.38390000']]","[['0.06260000', '30.90080000'], ['0.06313000', '2.24920000']]",1693386299295,0.06211,0.0009800000000000017,38.1572
ETHBTC,"[['0.06238000', '8.53800000'], ['0.06157000', '24.33400000']]","[['0.06313000', '3.24920000']]",1693386300295,0.062755,0.0007500000000000076,11.7872
ETHBTC,"[['0.06157000', '24.33570000']]",[],1693386301295,,,
ETHBTC,"[['0.06241000', '65.90980000'], ['0.06157000', '24.33400000']]","[['0.06258000', '82.51780000'], ['0.06259000', '87.79810000'], ['0.06269000', '37.02940000']]",1693386302295,0.062494999999999995,0.00016999999999999654,148.42759999999998
ETHBTC,"[['0.06257000', '21.96980000'], ['0.06256000', '44.90570000'], ['0.06255000', '45.42570000'], ['0.06254000', '67.92660000'], ['0.06253000', '19.19370000'], ['0.06238000', '12.31900000']]",[],1693386303296,,,
ETHBTC,"[['0.06111000', '1.37890000']]",[],1693386304296,,,
ETHBTC,"[['0.06111000', '137.76180000']]",[],1693386305296,,,
ETHBTC,"[['0.06257000', '18.23150000'], ['0.06254000', '41.31340000'], ['0.06253000', '47.38870000']]","[['0.06258000', '80.91990000']]",1693386307296,0.06257499999999999,9.999999999996123e-06,99.1514
ETHBTC,"[['0.05631000', '0.87330000']]","[['0.06448000', '4.55510000']]",1693386308296,0.060395,0.008169999999999997,5.4284
ETHBTC,"[['0.06255000', '45.44440000'], ['0.06254000', '41.29370000'], ['0.06253000', '48.01850000'], ['0.06241000', '12.81180000'], ['0.06238000', '12.31900000'], ['0.06235000', '4.05520000']]","[['0.06258000', '80.91990000'], ['0.06259000', '87.77790000'], ['0.06260000', '30.92220000'], ['0.06269000', '0.12740000'], ['0.06297000', '5.29800000'], ['0.06313000', '3.24920000']]",1693386310296,0.062565,3.0000000000002247e-05,126.3643
ETHBTC,"[['0.06247000', '133.42320000'], ['0.06201000', '45.96220000'], ['0.06157000', '24.33400000']]","[['0.06258000', '79.42940000'], ['0.06266000', '36.50480000'], ['0.06267000', '70.59240000']]",1693386311296,0.062525,0.00010999999999999899,212.8526
ETHBTC,"[['0.06257000', '18.08580000'], ['0.06254000', '42.07720000'], ['0.06201000', '45.97520000']]","[['0.06258000', '78.42940000'], ['0.06259000', '88.77790000']]",1693386312296,0.06257499999999999,9.999999999996123e-06,96.5152
ETHBTC,"[['0.06256000', '44.43400000'], ['0.06248000', '22.67980000']]","[['0.06258000', '78.41370000']]",1693386313296,0.06257,1.9999999999992246e-05,122.8477
ETHBTC,"[['0.06257000', '21.08580000'], ['0.06256000', '41.17490000'], ['0.06254000', '42.07720000'], ['0.06253000', '48.28820000'], ['0.06241000', '65.90980000']]","[['0.06258000', '78.41370000'], ['0.06269000', '37.02940000'], ['0.06278000', '3.13260000'], ['0.06293000', '2.41190000']]",1693386314296,0.06257499999999999,9.999999999996123e-06,99.49950000000001
ETHBTC,"[['0.06254000', '42.84550000'], ['0.06253000', '47.51990000']]",[],1693386316296,,,
ETHBTC,"[['0.06176000', '7.88530000']]",[],1693386317296,,,
ETHBTC,[],"[['0.06258000', '78.06370000']]",1693386318296,,,
ETHBTC,"[['0.06257000', '21.07800000'], ['0.06205000', '4.82900000'], ['0.06176000', '8.22470000']]",[],1693386319296,,,
ETHBTC,"[['0.06235000', '4.05520000'], ['0.06206000', '6.89300000'], ['0.06157000', '24.33570000']]","[['0.06258000', '76.46580000'], ['0.06297000', '5.29800000']]",1693386321296,0.062465,0.0002299999999999941,80.521
ETHBTC,"[['0.06255000', '45.61660000'], ['0.06254000', '42.84550000'], ['0.06241000', '12.81180000'], ['0.06157000', '24.33400000']]","[['0.06258000', '71.96580000'], ['0.06269000', '0.12740000']]",1693386322296,0.062565,3.0000000000002247e-05,117.5824
ETHBTC,"[['0.05631000', '0.87330000']]","[['0.06258000', '71.94990000']]",1693386323297,0.059445,0.006269999999999998,72.8232
ETHBTC,"[['0.06157000', '24.33400000']]","[['0.06260000', '28.62220000'], ['0.06261000', '49.18580000']]",1693386324297,0.062085,0.0010300000000000031,52.956199999999995
ETHBTC,"[['0.06241000', '65.90980000'], ['0.06157000', '24.33400000']]","[['0.06269000', '37.02940000']]",1693386325297,0.06255,0.00027999999999999553,102.9392
ETHBTC,"[['0.06257000', '18.07800000'], ['0.06256000', '44.18550000'], ['0.06255000', '45.61660000'], ['0.06238000', '12.31900000'], ['0.06112000', '2.69870000']]","[['0.06258000', '73.54780000'], ['0.06266000', '33.33370000']]",1693386326297,0.06257499999999999,9.999999999996123e-06,91.6258
ETHBTC,"[['0.06256000', '44.64420000'], ['0.06251000', '44.03370000'], ['0.06250000', '87.34800000']]","[['0.06261000', '49.18580000'], ['0.06262000', '24.57100000'], ['0.06263000', '40.92600000'], ['0.06269000', '39.81940000']]",1693386327297,0.062585,4.999999999999449e-05,93.83
ETHBTC,[],"[['0.06258000', '73.54780000']]",1693386328297,,,
ETHBTC,"[['0.06157000', '24.33570000'], ['0.06112000', '2.73800000']]",[],1693386329297,,,
ETHBTC,"[['0.06157000', '24.33400000']]","[['0.06258000', '73.54780000']]",1693386330297,0.062075,0.001009999999999997,97.8818
ETHBTC,"[['0.06235000', '4.05520000']]","[['0.06258000', '71.94990000'], ['0.06297000', '5.29800000']]",1693386331297,0.062465,0.0002299999999999941,76.0051
ETHBTC,[],"[['0.06258000', '73.54780000']]",1693386332297,,,
ETHBTC,[],"[['0.06349000', '19.54010000'], ['0.06350000', '253.13240000']]",1693386333297,,,
ETHBTC,"[['0.06241000', '12.81180000'], ['0.06157000', '24.33570000']]","[['0.06269000', '2.91740000']]",1693386334297,0.06255,0.00027999999999999553,15.7292
ETHBTC,"[['0.06257000', '21.14730000'], ['0.06256000', '41.63360000'], ['0.06157000', '24.33400000']]",[],1693386335297,,,
ETHBTC,"[['0.06157000', '24.33570000']]","[['0.06258000', '73.54780000']]",1693386336297,0.062075,0.001009999999999997,97.8835
ETHBTC,"[['0.06251000', '46.54980000'], ['0.06250000', '84.83190000'], ['0.06241000', '65.90980000'], ['0.06157000', '24.33400000']]","[['0.06262000', '22.05490000'], ['0.06263000', '43.44210000'], ['0.06269000', '39.81940000']]",1693386337297,0.062565,0.00010999999999999899,68.6047
ETHBTC,"[['0.05631000', '0.87330000']]","[['0.06261000', '49.18580000']]",1693386338297,0.05946,0.0063,50.0591
ETHBTC,"[['0.06256000', '44.03360000'], ['0.06255000', '43.21660000']]",[],1693386340297,,,
ETHBTC,"[['0.06256000', '58.57870000'], ['0.06254000', '28.30040000']]","[['0.06258000', '71.94990000']]",1693386341298,0.06257,1.9999999999992246e-05,130.52859999999998
ETHBTC,"[['0.06235000', '4.05520000']]","[['0.06297000', '5.29800000']]",1693386342298,0.06266,0.0006199999999999956,9.353200000000001
ETHBTC,"[['0.06256000', '44.03360000'], ['0.06255000', '57.76170000']]","[['0.06258000', '71.94990000']]",1693386343298,0.06257,1.9999999999992246e-05,115.98349999999999
ETHBTC,"[['0.06257000', '18.07800000'], ['0.06256000', '42.63360000'], ['0.06253000', '18.42540000'], ['0.06252000', '52.93480000']]","[['0.06258000', '79.64570000'], ['0.06259000', '54.49440000'], ['0.06260000', '58.32460000'], ['0.06261000', '19.48340000']]",1693386344298,0.06257499999999999,9.999999999996123e-06,97.72370000000001
ETHBTC,"[['0.06256000', '45.83420000']]","[['0.06258000', '80.64570000'], ['0.06259000', '87.77700000']]",1693386345298,0.06257,1.9999999999992246e-05,126.47990000000001
ETHBTC,"[['0.06256000', '45.37550000'], ['0.06255000', '57.58950000'], ['0.06254000', '27.51690000'], ['0.06253000', '48.88540000'], ['0.06252000', '22.50420000'], ['0.06241000', '12.81180000'], ['0.06157000', '24.33740000']]","[['0.06269000', '2.91740000']]",1693386346298,0.062625,0.00012999999999999123,48.2929
ETHBTC,"[['0.06157000', '24.33400000']]",[],1693386347298,,,
ETHBTC,"[['0.06157000', '24.33570000']]",[],1693386348298,,,
ETHBTC,"[['0.06253000', '18.42540000'], ['0.06252000', '53.05960000'], ['0.06157000', '24.33570000']]","[['0.06258000', '80.64570000']]",1693386349298,0.062555,4.999999999999449e-05,99.0711
ETHBTC,"[['0.06243000', '56.74380000'], ['0.06157000', '24.33400000']]","[['0.06270000', '134.92320000']]",1693386350298,0.06256500000000001,0.00027000000000000635,191.667
ETHBTC,"[['0.06253000', '49.01120000'], ['0.06252000', '22.50420000']]",[],1693386351298,,,
ETHBTC,"[['0.06235000', '4.05520000'], ['0.06157000', '24.33400000']]","[['0.06297000', '5.29800000']]",1693386352298,0.06266,0.0006199999999999956,9.353200000000001
ETHBTC,"[['0.06169000', '4.44030000'], ['0.06157000', '24.33400000']]",[],1693386353298,,,
ETHBTC,"[['0.05631000', '0.87330000']]",[],1693386354298,,,
ETHBTC,"[['0.06254000', '26.74860000'], ['0.06251000', '44.05250000']]","[['0.06261000', '18.58690000'], ['0.06263000', '40.94480000']]",1693386357298,0.06257499999999999,7.000000000000062e-05,45.335499999999996
ETHBTC,"[['0.06243000', '3.64580000']]","[['0.06270000', '98.02120000']]",1693386358298,0.06256500000000001,0.00027000000000000635,101.66699999999999
ETHBTC,"[['0.06248000', '22.59920000']]","[['0.06267000', '70.51300000'], ['0.06269000', '0.12740000']]",1693386359298,0.062575,0.00019000000000000267,93.1122
ETHBTC,"[['0.06256000', '45.84880000'], ['0.06253000', '47.12810000'], ['0.06248000', '22.67960000']]","[['0.06267000', '72.85970000']]",1693386360299,0.062615,0.00010999999999999899,118.7085
ETHBTC,"[['0.06243000', '56.74380000']]","[['0.06270000', '134.92320000']]",1693386361299,0.06256500000000001,0.00027000000000000635,191.667
ETHBTC,"[['0.06235000', '4.05520000'], ['0.06157000', '24.33570000'], ['0.06152000', '26.38060000'], ['0.06148000', '2.21190000']]","[['0.06297000', '5.29800000']]",1693386362299,0.06266,0.0006199999999999956,9.353200000000001
ETHBTC,"[['0.06253000', '18.42540000'], ['0.06252000', '51.25400000'], ['0.06157000', '24.33400000']]","[['0.06266000', '33.41310000']]",1693386363299,0.062595,0.00012999999999999123,51.838499999999996
ETHBTC,"[['0.06257000', '21.39860000'], ['0.06256000', '42.64820000'], ['0.06253000', '19.19460000'], ['0.06251000', '46.54980000'], ['0.06157000', '24.33400000']]","[['0.06261000', '19.48250000'], ['0.06262000', '24.55220000']]",1693386364299,0.06259,3.999999999999837e-05,40.8811
ETHBTC,"[['0.06253000', '47.99160000'], ['0.06252000', '22.50420000']]",[],1693386365299,,,
ETHBTC,"[['0.06253000', '19.19460000']]",[],1693386367299,,,
ETHBTC,"[['0.06253000', '48.04530000'], ['0.06250000', '86.71600000'], ['0.06249000', '10.74400000'], ['0.06157000', '24.33570000']]","[['0.06348000', '22.27190000'], ['0.06349000', '19.47090000'], ['0.06448000', '4.55510000']]",1693386368299,0.063005,0.0009499999999999925,70.3172
ETHBTC,"[['0.06157000', '24.33400000'], ['0.05631000', '0.87330000']]",[],1693386369299,,,
ETHBTC,"[['0.06257000', '18.07800000'], ['0.06256000', '38.12650000'], ['0.06255000', '45.05100000'], ['0.06254000', '46.53600000'], ['0.06253000', '19.77660000'], ['0.06248000', '22.57900000'], ['0.06243000', '3.64580000'], ['0.06238000', '8.53800000']]","[['0.06259000', '53.51610000'], ['0.06260000', '58.30320000'], ['0.06270000', '98.02120000']]",1693386370299,0.06258,2.0000000000006124e-05,71.5941
ETHBTC,"[['0.06256000', '41.12960000'], ['0.06253000', '48.49170000'], ['0.06201000', '45.96220000']]",[],1693386371299,,,
ETHBTC,"[['0.06203000', '12.60620000']]",[],1693386372299,,,
ETHBTC,"[['0.06255000', '44.05100000'], ['0.06254000', '47.53600000'], ['0.06235000', '4.05520000']]","[['0.06258000', '80.64570000'], ['0.06297000', '5.29800000']]",1693386373299,0.062565,3.0000000000002247e-05,124.6967
ETHBTC,"[['0.06256000', '38.15270000'], ['0.06255000', '44.03230000'], ['0.06254000', '46.93760000'], ['0.06253000', '53.36520000'], ['0.06243000', '56.74380000']]","[['0.06260000', '60.60320000'], ['0.06261000', '17.18250000'], ['0.06270000', '134.92320000']]",1693386374299,0.06258,3.999999999999837e-05,98.7559
ETHBTC,[],"[['0.06258000', '80.64570000'], ['0.06314000', '2.43220000']]",1693386375299,,,
ETHBTC,[],"[['0.06258000', '115.06380000'], ['0.06293000', '2.40870000']]",1693386377299,,,
ETHBTC,[],"[['0.06280000', '5.77500000']]",1693386378300,,,
ETHBTC,"[['0.06157000', '24.33400000'], ['0.06112000', '2.69870000']]",[],1693386381300,,,
ETHBTC,"[['0.06243000', '3.64580000']]","[['0.06270000', '98.02120000']]",1693386382300,0.06256500000000001,0.00027000000000000635,101.66699999999999
ETHBTC,"[['0.06254000', '46.74220000'], ['0.06252000', '22.33860000'], ['0.06250000', '86.54690000'], ['0.06247000', '133.25410000'], ['0.06235000', '4.05520000'], ['0.06157000', '24.33570000']]","[['0.06259000', '53.34070000'], ['0.06261000', '17.01120000'], ['0.06297000', '5.29800000']]",1693386383300,0.06256500000000001,5.000000000000837e-05,100.0829
ETHBTC,"[['0.06157000', '24.33400000'], ['0.06112000', '2.73800000'], ['0.05631000', '0.87330000']]",[],1693386384300,,,
ETHBTC,"[['0.06243000', '56.74380000']]","[['0.06270000', '134.92320000']]",1693386385300,0.06256500000000001,0.00027000000000000635,191.667
ETHBTC,"[['0.06255000', '44.05080000'], ['0.06254000', '46.72110000'], ['0.06157000', '24.33570000']]","[['0.06258000', '80.64570000'], ['0.06259000', '87.60000000'], ['0.06260000', '60.62360000']]",1693386386300,0.062565,3.0000000000002247e-05,124.69650000000001
ETHBTC,"[['0.06257000', '21.14590000'], ['0.06256000', '38.17360000'], ['0.06255000', '45.05080000'], ['0.06254000', '41.46810000'], ['0.06157000', '24.33400000']]","[['0.06258000', '80.63900000']]",1693386387300,0.06257499999999999,9.999999999996123e-06,101.7849
ETHBTC,"[['0.06255000', '45.22330000']]",[],1693386389300,,,
ETHBTC,[],"[['0.06258000', '79.62000000']]",1693386390300,,,
ETHBTC,[],"[['0.06258000', '79.46280000']]",1693386391300,,,
ETHBTC,"[['0.06255000', '51.04760000'], ['0.06254000', '35.64380000'], ['0.06250000', '84.66280000'], ['0.06247000', '135.03590000'], ['0.06157000', '24.33400000']]",[],1693386392300,,,
ETHBTC,"[['0.06253000', '54.14870000'], ['0.06235000', '4.05520000'], ['0.06160000', '17.61690000'], ['0.06159000', '66.86570000'], ['0.06111000', '137.76180000']]","[['0.06297000', '5.29800000'], ['0.06369000', '29.53130000'], ['0.06450000', '59.47380000']]",1693386393300,0.06275,0.00043999999999999595,59.4467
ETHBTC,"[['0.06243000', '3.64580000'], ['0.06237000', '4.98640000']]","[['0.06270000', '98.02120000']]",1693386394300,0.06256500000000001,0.00027000000000000635,101.66699999999999
ETHBTC,[],"[['0.06258000', '79.45820000']]",1693386395300,,,
ETHBTC,"[['0.06244000', '4.32850000'], ['0.06157000', '24.33400000']]","[['0.06273000', '97.37760000'], ['0.06314000', '3.38070000']]",1693386397301,0.062585,0.00028999999999999165,101.7061
ETHBTC,"[['0.06251000', '46.54980000'], ['0.06243000', '56.74380000'], ['0.06157000', '24.33400000']]","[['0.06260000', '60.62360000'], ['0.06262000', '24.55220000'], ['0.06270000', '134.92320000']]",1693386398301,0.062555,9.000000000000674e-05,107.1734
ETHBTC,"[['0.05631000', '0.87330000']]",[],1693386399301,,,
ETHBTC,"[['0.06157000', '24.33400000']]",[],1693386401301,,,
ETHBTC,"[['0.06254000', '62.47660000'], ['0.06253000', '25.43360000'], ['0.06247000', '133.25410000'], ['0.06244000', '14.32850000']]","[['0.06258000', '77.73020000'], ['0.06272000', '15.03880000']]",1693386402301,0.06256,3.999999999999837e-05,140.2068
ETHBTC,"[['0.06244000', '16.06250000'], ['0.06228000', '5.06820000']]",[],1693386403301,,,
ETHBTC,"[['0.06235000', '4.05520000']]","[['0.06297000', '5.29800000']]",1693386404301,0.06266,0.0006199999999999956,9.353200000000001
ETHBTC,"[['0.06243000', '3.64580000']]","[['0.06270000', '98.02120000']]",1693386406301,0.06256500000000001,0.00027000000000000635,101.66699999999999
ETHBTC,"[['0.06257000', '21.17910000'], ['0.06237000', '4.98640000']]","[['0.06258000', '74.65180000'], ['0.06259000', '90.68290000']]",1693386408301,0.06257499999999999,9.999999999996123e-06,95.83089999999999
ETHBTC,"[['0.06157000', '24.33570000']]","[['0.06258000', '77.73470000'], ['0.06259000', '87.60000000']]",1693386409301,0.062075,0.001009999999999997,102.0704
ETHBTC,"[['0.06243000', '56.74380000'], ['0.06157000', '24.33400000']]","[['0.06270000', '134.92320000']]",1693386410301,0.06256500000000001,0.00027000000000000635,191.667
ETHBTC,"[['0.06256000', '42.22200000'], ['0.06255000', '46.99920000'], ['0.06157000', '24.33740000']]","[['0.06258000', '68.55390000'], ['0.06259000', '69.12410000'], ['0.06260000', '94.91090000']]",1693386411301,0.06257,1.9999999999992246e-05,110.77590000000001
ETHBTC,"[['0.06157000', '24.33400000']]","[['0.06259000', '103.41140000'], ['0.06260000', '60.62360000']]",1693386412301,0.06208,0.001020000000000007,127.7454
ETHBTC,[],"[['0.06258000', '70.15180000']]",1693386413301,,,
ETHBTC,"[['0.06254000', '35.64380000'], ['0.06235000', '4.05520000'], ['0.05631000', '0.87330000']]","[['0.06297000', '5.29800000']]",1693386414301,0.062755,0.0004299999999999998,40.9418
ETHBTC,"[['0.06254000', '62.92300000']]","[['0.06258000', '70.22660000']]",1693386415302,0.06256,3.999999999999837e-05,133.14960000000002
ETHBTC,"[['0.06255000', '45.99920000'], ['0.06254000', '63.92300000']]","[['0.06258000', '70.22660000'], ['0.06259000', '69.12410000'], ['0.06260000', '60.04160000'], ['0.06262000', '25.13420000']]",1693386416302,0.062565,3.0000000000002247e-05,116.2258
ETHBTC,"[['0.06256000', '38.17360000'], ['0.06255000', '39.42330000'], ['0.06254000', '69.74700000'], ['0.06157000', '24.33570000']]","[['0.06259000', '103.41130000']]",1693386417302,0.062575,3.0000000000002247e-05,141.5849
ETHBTC,"[['0.06243000', '3.64580000'], ['0.06157000', '24.33400000']]","[['0.06270000', '98.02120000']]",1693386418302,0.06256500000000001,0.00027000000000000635,101.66699999999999
ETHBTC,"[['0.06254000', '42.46780000']]",[],1693386419302,,,
ETHBTC,"[['0.06254000', '70.37770000']]","[['0.06259000', '69.12410000'], ['0.06265000', '9.03910000'], ['0.06267000', '70.51300000']]",1693386420302,0.06256500000000001,5.000000000000837e-05,139.5018
ETHBTC,"[['0.06157000', '24.33570000']]","[['0.06259000', '69.14310000'], ['0.06260000', '60.02120000']]",1693386421302,0.06208,0.001020000000000007,93.4788
ETHBTC,"[['0.06255000', '45.24740000'], ['0.06254000', '36.64380000'], ['0.06253000', '53.16040000'], ['0.06157000', '24.33400000']]",[],1693386422302,,,
ETHBTC,"[['0.06256000', '38.17360000'], ['0.06255000', '41.02650000'], ['0.06007000', '2.76810000']]",[],1693386423302,,,
ETHBTC,"[['0.06255000', '46.07490000'], ['0.06254000', '35.64380000'], ['0.06243000', '56.74380000']]","[['0.06259000', '103.43030000'], ['0.06270000', '134.92320000']]",1693386424302,0.06257,4.000000000001225e-05,149.5052
ETHBTC,"[['0.06255000', '45.07490000'], ['0.06254000', '36.64380000'], ['0.06235000', '4.05520000'], ['0.06157000', '24.33400000'], ['0.06148000', '2.20860000'], ['0.06142000', '6.26990000'], ['0.06007000', '3.24330000']]","[['0.06297000', '5.29800000']]",1693386425302,0.06276,0.0004200000000000037,50.3729
ETHBTC,"[['0.06256000', '38.63840000'], ['0.06238000', '5.53800000']]","[['0.06258000', '70.21070000'], ['0.06313000', '2.24920000']]",1693386426302,0.06257,1.9999999999992246e-05,108.84909999999999
ETHBTC,"[['0.06254000', '36.64380000'], ['0.06253000', '25.43360000'], ['0.06238000', '8.53800000']]","[['0.06313000', '3.24920000']]",1693386427302,0.062835,0.0005900000000000072,39.893
ETHBTC,"[['0.06157000', '24.33400000']]","[['0.06448000', '4.55510000']]",1693386428302,0.063025,0.002909999999999996,28.8891
ETHBTC,"[['0.05631000', '0.87330000']]","[['0.06258000', '73.33090000'], ['0.06259000', '100.16830000'], ['0.06265000', '7.11770000'], ['0.06268000', '5.22850000']]",1693386429302,0.059445,0.006269999999999998,74.2042
ETHBTC,"[['0.06254000', '36.64380000'], ['0.06243000', '3.64580000']]","[['0.06259000', '112.96830000'], ['0.06260000', '47.22120000'], ['0.06270000', '98.02120000'], ['0.06391000', '31.22520000']]",1693386430302,0.06256500000000001,5.000000000000837e-05,149.6121
ETHBTC,"[['0.06252000', '22.18860000'], ['0.06200000', '30.92110000']]","[['0.06258000', '73.30960000'], ['0.06259000', '112.81830000']]",1693386431302,0.06255,5.9999999999990616e-05,95.4982
ETHBTC,"[['0.06255000', '46.07490000'], ['0.06254000', '62.65860000'], ['0.06238000', '5.53800000'], ['0.06235000', '4.05520000'], ['0.06208000', '2.93770000']]","[['0.06258000', '73.28680000'], ['0.06313000', '2.24920000']]",1693386432302,0.062565,3.0000000000002247e-05,119.3617
ETHBTC,"[['0.06243000', '56.74380000'], ['0.06238000', '8.53800000']]","[['0.06258000', '73.24180000'], ['0.06259000', '106.41830000'], ['0.06260000', '47.22120000'], ['0.06270000', '134.92320000'], ['0.06313000', '3.24920000']]",1693386433302,0.062505,0.00014999999999999736,129.9856
ETHBTC,"[['0.06254000', '35.64380000'], ['0.06253000', '52.45380000'], ['0.06112000', '2.69870000']]","[['0.06258000', '73.24000000']]",1693386434303,0.06256,3.999999999999837e-05,108.8838
ETHBTC,"[['0.06256000', '38.17360000'], ['0.06255000', '45.07490000'], ['0.06254000', '36.64380000'], ['0.06235000', '4.05520000'], ['0.06157000', '24.33400000']]","[['0.06258000', '73.22920000'], ['0.06297000', '5.29800000']]",1693386435302,0.06257,1.9999999999992246e-05,111.40280000000001
ETHBTC,"[['0.06254000', '63.69340000'], ['0.06253000', '25.43360000']]",[],1693386436302,,,
ETHBTC,"[['0.06255000', '45.24920000'], ['0.06254000', '36.64380000']]",[],1693386437303,,,
ETHBTC,[],"[['0.06281000', '3.77020000']]",1693386438303,,,
ETHBTC,"[['0.06255000', '39.42510000'], ['0.06254000', '69.45480000'], ['0.06238000', '5.53800000'], ['0.06112000', '2.73800000']]","[['0.06258000', '73.17220000'], ['0.06267000', '75.66030000'], ['0.06268000', '3.33470000']]",1693386439303,0.062565,3.0000000000002247e-05,112.5973
ETHBTC,"[['0.06238000', '8.53800000']]","[['0.06280000', '5.77500000'], ['0.06313000', '3.24920000']]",1693386440303,0.06258999999999999,0.00041999999999999676,14.313
ETHBTC,"[['0.06254000', '42.46830000']]",[],1693386441303,,,
ETHBTC,"[['0.06255000', '40.42510000'], ['0.06254000', '68.39180000'], ['0.06243000', '3.64580000']]","[['0.06270000', '98.02120000']]",1693386442303,0.062625,0.00015000000000001124,138.4463
ETHBTC,"[['0.06255000', '46.24950000'], ['0.06254000', '35.64380000']]",[],1693386443303,,,
ETHBTC,"[['0.06254000', '62.54620000'], ['0.06252000', '22.33860000'], ['0.05631000', '0.87330000']]","[['0.06259000', '106.56830000']]",1693386444303,0.06256500000000001,5.000000000000837e-05,169.1145
ETHBTC,"[['0.06254000', '35.64380000']]",[],1693386445303,,,
ETHBTC,"[['0.06254000', '62.49160000'], ['0.06243000', '56.74380000'], ['0.06238000', '5.53800000'], ['0.06235000', '4.05520000'], ['0.06157000', '24.33570000']]","[['0.06270000', '134.92320000'], ['0.06297000', '5.29800000']]",1693386446303,0.06262000000000001,0.00016000000000000736,197.4148
ETHBTC,"[['0.06254000', '35.64380000'], ['0.06238000', '8.53800000'], ['0.06157000', '24.33570000']]","[['0.06313000', '3.24920000']]",1693386447303,0.062835,0.0005900000000000072,38.893
ETHBTC,"[['0.06157000', '24.33400000']]",[],1693386448303,,,
ETHBTC,"[['0.06256000', '38.63450000'], ['0.06254000', '62.49160000'], ['0.06157000', '24.33570000']]",[],1693386449303,,,
ETHBTC,"[['0.06238000', '5.53800000'], ['0.06157000', '24.33400000']]","[['0.06313000', '2.24920000']]",1693386450303,0.062755,0.0007500000000000076,7.7872
ETHBTC,"[['0.06254000', '35.64380000'], ['0.06238000', '8.53800000']]","[['0.06313000', '3.24920000']]",1693386451303,0.062835,0.0005900000000000072,38.893
ETHBTC,"[['0.06256000', '38.17360000'], ['0.06255000', '39.42510000'], ['0.06254000', '42.46810000'], ['0.06253000', '52.31470000']]","[['0.06267000', '70.51300000']]",1693386452303,0.062615,0.00010999999999999899,108.6866
ETHBTC,[],"[['0.06264000', '51.13550000']]",1693386453303,,,
ETHBTC,"[['0.06254000', '42.46810000'], ['0.06253000', '25.43360000'], ['0.06243000', '3.64580000'], ['0.06237000', '4.98640000']]","[['0.06258000', '72.63770000'], ['0.06270000', '98.02120000']]",1693386454303,0.06256,3.999999999999837e-05,115.10579999999999
ETHBTC,"[['0.06254000', '69.37420000']]",[],1693386455303,,,
ETHBTC,"[['0.06254000', '42.46810000'], ['0.06235000', '4.05520000']]","[['0.06262000', '25.13420000'], ['0.06297000', '5.29800000']]",1693386456303,0.06258,7.999999999999674e-05,67.6023
ETHBTC,"[['0.06254000', '42.46810000'], ['0.06160000', '17.54810000'], ['0.06159000', '66.93450000']]","[['0.06259000', '103.36830000']]",1693386458303,0.06256500000000001,5.000000000000837e-05,145.8364
ETHBTC,"[['0.06157000', '24.33570000']]",[],1693386459304,,,
ETHBTC,"[['0.06157000', '24.33400000'], ['0.05631000', '0.87330000']]",[],1693386460304,,,
ETHBTC,"[['0.06243000', '56.74380000'], ['0.06157000', '24.33570000']]","[['0.06270000', '134.92320000']]",1693386461304,0.06256500000000001,0.00027000000000000635,191.667
ETHBTC,"[['0.06255000', '46.24940000'], ['0.06254000', '36.41300000'], ['0.06253000', '24.66440000'], ['0.06251000', '46.54980000'], ['0.06157000', '24.33400000']]","[['0.06261000', '17.01120000']]",1693386462304,0.06258,6.0000000000004494e-05,63.2606
ETHBTC,"[['0.06257000', '18.07800000'], ['0.06256000', '41.37840000'], ['0.06254000', '63.26080000'], ['0.06157000', '24.33400000']]",[],1693386463304,,,
ETHBTC,"[['0.06254000', '36.41300000']]",[],1693386464304,,,
ETHBTC,"[['0.06254000', '63.18320000']]",[],1693386465304,,,
ETHBTC,"[['0.06243000', '3.64580000']]","[['0.06270000', '98.02120000']]",1693386466304,0.06256500000000001,0.00027000000000000635,101.66699999999999
ETHBTC,"[['0.06235000', '4.05520000']]","[['0.06297000', '5.29800000']]",1693386467304,0.06266,0.0006199999999999956,9.353200000000001
ETHBTC,[],"[['0.06258000', '72.51540000']]",1693386469304,,,
ETHBTC,"[['0.06254000', '36.41300000'], ['0.06253000', '24.66440000']]","[['0.06258000', '74.11330000']]",1693386470304,0.06256,3.999999999999837e-05,110.52629999999999
ETHBTC,"[['0.06252000', '22.30670000'], ['0.06250000', '84.06280000'], ['0.06243000', '56.74380000'], ['0.06157000', '24.33570000']]","[['0.06258000', '74.08140000'], ['0.06259000', '103.36830000'], ['0.06260000', '46.62120000'], ['0.06270000', '134.92320000']]",1693386471304,0.06255,5.9999999999990616e-05,96.38810000000001
ETHBTC,"[['0.06253000', '51.46270000'], ['0.06251000', '46.54980000'], ['0.06157000', '24.33570000']]","[['0.06262000', '27.65030000'], ['0.06263000', '38.42870000']]",1693386472304,0.06257499999999999,8.999999999999286e-05,79.113
ETHBTC,"[['0.06257000', '15.37670000'], ['0.06253000', '50.67920000'], ['0.06182000', '6.90620000'], ['0.06157000', '24.33570000']]","[['0.06258000', '81.85800000'], ['0.06261000', '17.01120000'], ['0.06333000', '3.34320000']]",1693386473304,0.06257499999999999,9.999999999996123e-06,97.2347
ETHBTC,"[['0.06257000', '15.96620000'], ['0.06157000', '24.33400000']]","[['0.06258000', '86.35800000'], ['0.06267000', '66.24340000']]",1693386474304,0.06257499999999999,9.999999999996123e-06,102.3242
ETHBTC,"[['0.06131000', '1.97110000'], ['0.05631000', '0.87330000']]",[],1693386475304,,,
ETHBTC,"[['0.06256000', '41.85410000'], ['0.06094000', '2.29190000']]",[],1693386476304,,,
ETHBTC,"[['0.06235000', '4.05520000'], ['0.06132000', '6.71190000']]","[['0.06297000', '5.29800000']]",1693386477304,0.06266,0.0006199999999999956,9.353200000000001
ETHBTC,"[['0.06243000', '3.64580000'], ['0.06182000', '6.91580000'], ['0.03710000', '0.14150000']]","[['0.06270000', '98.02120000']]",1693386478305,0.06256500000000001,0.00027000000000000635,101.66699999999999
ETHBTC,"[['0.06257000', '15.96060000'], ['0.06250000', '84.66280000'], ['0.05837000', '4.50850000']]","[['0.06260000', '47.22120000']]",1693386479305,0.062585,3.0000000000002247e-05,63.1818
ETHBTC,"[['0.06252000', '22.33860000'], ['0.06157000', '24.33570000']]","[['0.06258000', '86.38990000']]",1693386480305,0.06255,5.9999999999990616e-05,108.7285
ETHBTC,"[['0.06256000', '45.90250000'], ['0.06255000', '42.20100000'], ['0.06157000', '24.33400000']]",[],1693386481305,,,
ETHBTC,"[['0.06243000', '56.74380000']]","[['0.06270000', '134.92320000']]",1693386482305,0.06256500000000001,0.00027000000000000635,191.667
ETHBTC,"[['0.06256000', '41.85410000'], ['0.06255000', '46.24940000'], ['0.06111000', '137.76180000'], ['0.06094000', '2.31570000']]",[],1693386483305,,,
ETHBTC,"[['0.06256000', '41.85410000'], ['0.06255000', '42.20100000'], ['0.06112000', '2.69870000']]",[],1693386486305,,,
ETHBTC,"[['0.06257000', '19.26400000'], ['0.06256000', '38.17360000'], ['0.06255000', '46.24940000'], ['0.06254000', '62.85870000'], ['0.06253000', '24.66440000'], ['0.06251000', '44.55210000'], ['0.06235000', '4.05520000'], ['0.06157000', '24.33570000']]","[['0.06258000', '84.62420000'], ['0.06260000', '46.48760000'], ['0.06262000', '25.65260000'], ['0.06297000', '5.29800000']]",1693386487305,0.06257499999999999,9.999999999996123e-06,103.8882
ETHBTC,"[['0.06157000', '24.33400000'], ['0.06142000', '6.26660000'], ['0.06136000', '9.26400000'], ['0.06001000', '1.22230000']]","[['0.06314000', '2.43220000'], ['0.06346000', '7.14770000'], ['0.06348000', '22.20270000'], ['0.06448000', '4.55510000']]",1693386488305,0.062355,0.001570000000000002,26.766199999999998
ETHBTC,"[['0.05601000', '0.47130000'], ['0.04341000', '0.00360000']]",[],1693386489305,,,
ETHBTC,"[['0.06243000', '3.64580000'], ['0.05631000', '0.87330000']]","[['0.06270000', '98.02120000']]",1693386490305,0.06256500000000001,0.00027000000000000635,101.66699999999999
ETHBTC,"[['0.06201000', '45.94920000'], ['0.06194000', '0.81590000'], ['0.06157000', '24.33570000']]",[],1693386491305,,,
ETHBTC,"[['0.06207000', '2.21490000'], ['0.06157000', '24.33400000'], ['0.06112000', '2.73800000']]",[],1693386492305,,,
ETHBTC,"[['0.06254000', '36.41300000'], ['0.06253000', '50.74990000'], ['0.06194000', '0.83600000']]","[['0.06261000', '19.06030000'], ['0.06264000', '47.37150000']]",1693386493305,0.06257499999999999,7.000000000000062e-05,55.473299999999995
ETHBTC,"[['0.06254000', '62.44480000'], ['0.06253000', '24.66440000'], ['0.06243000', '56.74380000']]","[['0.06270000', '134.92320000']]",1693386494305,0.06262000000000001,0.00016000000000000736,197.368
ETHBTC,"[['0.06254000', '36.41300000']]","[['0.06259000', '69.08110000']]",1693386495305,0.06256500000000001,5.000000000000837e-05,105.4941
ETHBTC,"[['0.06254000', '62.41070000'], ['0.06251000', '46.54980000']]","[['0.06258000', '80.12420000'], ['0.06261000', '19.79270000'], ['0.06263000', '40.42640000'], ['0.06266000', '34.41310000']]",1693386496306,0.06256,3.999999999999837e-05,142.5349
ETHBTC,"[['0.06235000', '4.05520000']]","[['0.06297000', '5.29800000']]",1693386498306,0.06266,0.0006199999999999956,9.353200000000001
ETHBTC,"[['0.06254000', '62.39450000']]",[],1693386499306,,,
ETHBTC,"[['0.06257000', '15.74080000'], ['0.06254000', '36.41300000']]","[['0.06258000', '78.52630000'], ['0.06259000', '69.06210000'], ['0.06260000', '46.50900000']]",1693386500306,0.06257499999999999,9.999999999996123e-06,94.2671
ETHBTC,"[['0.06157000', '24.33400000']]","[['0.06262000', '23.15530000'], ['0.06263000', '42.92370000']]",1693386501306,0.062095,0.0010499999999999954,47.4893
ETHBTC,"[['0.06254000', '62.04390000'], ['0.06243000', '3.64580000']]","[['0.06270000', '98.02120000']]",1693386502306,0.06262000000000001,0.00016000000000000736,160.0651
ETHBTC,"[['0.06256000', '38.17360000'], ['0.06255000', '46.24940000']]","[['0.06280000', '5.77500000']]",1693386503306,0.06268,0.00023999999999999022,43.9486
ETHBTC,"[['0.06256000', '39.17360000'], ['0.06255000', '45.24940000']]","[['0.06258000', '78.50560000'], ['0.06259000', '103.34930000'], ['0.06260000', '44.20900000'], ['0.06261000', '22.09270000']]",1693386504306,0.06257,1.9999999999992246e-05,117.67920000000001
ETHBTC,"[['0.06256000', '39.63180000']]","[['0.06258000', '79.70940000']]",1693386505306,0.06257,1.9999999999992246e-05,119.3412
ETHBTC,"[['0.06243000', '56.74380000'], ['0.05631000', '0.87330000']]","[['0.06270000', '134.92320000']]",1693386506306,0.06256500000000001,0.00027000000000000635,191.667
ETHBTC,"[['0.06257000', '15.61010000'], ['0.06235000', '4.05520000']]","[['0.06297000', '5.29800000']]",1693386508306,0.06276999999999999,0.0003999999999999976,20.908099999999997
ETHBTC,"[['0.06157000', '24.33570000']]",[],1693386509306,,,
ETHBTC,"[['0.06256000', '39.63180000'], ['0.06255000', '41.20100000'], ['0.06254000', '36.41300000'], ['0.06253000', '49.48270000'], ['0.06248000', '22.49860000'], ['0.06157000', '24.33400000'], ['0.05424000', '1.05980000']]","[['0.06266000', '34.33370000']]",1693386510306,0.06261,9.999999999998899e-05,73.96549999999999
ETHBTC,"[['0.06157000', '24.33570000']]",[],1693386511306,,,
ETHBTC,"[['0.06254000', '36.41300000'], ['0.06253000', '24.66440000'], ['0.06157000', '24.33570000']]","[['0.06267000', '66.32260000']]",1693386512306,0.062605,0.0001300000000000051,102.73559999999999
ETHBTC,"[['0.06157000', '24.33400000']]",[],1693386513306,,,
ETHBTC,"[['0.06257000', '15.60360000'], ['0.06255000', '45.24940000'], ['0.06254000', '37.19650000'], ['0.06253000', '23.88090000'], ['0.06248000', '22.57890000'], ['0.06243000', '3.64580000'], ['0.06157000', '24.33400000']]","[['0.06270000', '98.02120000']]",1693386514306,0.062635,0.0001300000000000051,113.6248
ETHBTC,"[['0.06254000', '62.19650000'], ['0.06157000', '24.33400000']]",[],1693386516307,,,
ETHBTC,"[['0.06243000', '56.74380000']]","[['0.06270000', '134.92320000']]",1693386517307,0.06256500000000001,0.00027000000000000635,191.667
ETHBTC,"[['0.06235000', '4.05520000'], ['0.06192000', '24.46530000']]","[['0.06297000', '5.29800000']]",1693386519307,0.06266,0.0006199999999999956,9.353200000000001
ETHBTC,"[['0.06256000', '43.68020000'], ['0.06255000', '41.20100000'], ['0.06199000', '2.79150000'], ['0.05631000', '0.87330000']]","[['0.06259000', '103.34670000']]",1693386521307,0.062575,3.0000000000002247e-05,147.0269
ETHBTC,"[['0.06176000', '7.88530000'], ['0.06157000', '24.33400000']]",[],1693386522307,,,
ETHBTC,"[['0.06157000', '24.33570000']]",[],1693386523307,,,
ETHBTC,"[['0.06257000', '15.57510000'], ['0.06254000', '62.62150000'], ['0.06253000', '23.88090000'], ['0.06176000', '8.22470000'], ['0.06157000', '24.33400000']]",[],1693386524307,,,
ETHBTC,"[['0.06255000', '40.72870000'], ['0.06249000', '10.38490000']]",[],1693386525307,,,
ETHBTC,"[['0.06257000', '16.03040000'], ['0.06248000', '22.94460000'], ['0.06243000', '3.64580000'], ['0.06157000', '24.33400000']]","[['0.06270000', '98.02120000']]",1693386526307,0.062635,0.0001300000000000051,114.0516
ETHBTC,"[['0.06257000', '15.57510000'], ['0.06157000', '24.33570000']]",[],1693386527307,,,
ETHBTC,"[['0.06157000', '24.33400000']]",[],1693386528307,,,
ETHBTC,"[['0.06243000', '56.74380000'], ['0.06235000', '4.05520000']]","[['0.06270000', '134.92320000'], ['0.06297000', '5.29800000']]",1693386529307,0.06256500000000001,0.00027000000000000635,191.667
ETHBTC,"[['0.06257000', '12.27170000'], ['0.06256000', '38.63180000'], ['0.06255000', '45.77710000']]","[['0.06258000', '76.58920000']]",1693386533307,0.06257499999999999,9.999999999996123e-06,88.8609
ETHBTC,"[['0.06157000', '24.33400000']]",[],1693386534307,,,
ETHBTC,"[['0.06257000', '15.44210000'], ['0.06157000', '24.33570000'], ['0.05631000', '0.87330000']]","[['0.06258000', '79.83610000']]",1693386536308,0.06257499999999999,9.999999999996123e-06,95.2782
ETHBTC,"[['0.06157000', '24.33570000']]",[],1693386537308,,,
ETHBTC,"[['0.06243000', '3.64580000'], ['0.06157000', '24.33400000']]","[['0.06270000', '98.02120000']]",1693386538308,0.06256500000000001,0.00027000000000000635,101.66699999999999
ETHBTC,"[['0.06235000', '4.05520000']]","[['0.06297000', '5.29800000']]",1693386539308,0.06266,0.0006199999999999956,9.353200000000001
ETHBTC,"[['0.06157000', '24.33570000']]",[],1693386540308,,,
ETHBTC,"[['0.06257000', '15.91710000'], ['0.06243000', '56.74380000'], ['0.06157000', '24.33400000'], ['0.06112000', '2.69870000']]","[['0.06270000', '134.92320000']]",1693386541308,0.062635,0.0001300000000000051,150.8403
ETHBTC,[],"[['0.06261000', '20.04360000']]",1693386542308,,,
ETHBTC,"[['0.06257000', '21.63400000'], ['0.06256000', '39.63180000'], ['0.06255000', '44.77710000'], ['0.06157000', '24.33400000']]","[['0.06265000', '9.80210000']]",1693386543308,0.06261,7.999999999999674e-05,31.4361
ETHBTC,"[['0.06254000', '37.19650000'], ['0.06253000', '49.21660000'], ['0.06248000', '25.22530000'], ['0.06244000', '14.32850000']]",[],1693386546308,,,
ETHBTC,[],"[['0.06346000', '7.07850000'], ['0.06347000', '0.99690000'], ['0.06448000', '4.55510000']]",1693386548308,,,
ETHBTC,"[['0.06257000', '27.45690000'], ['0.06255000', '38.95280000'], ['0.06254000', '63.21150000'], ['0.06253000', '23.88090000'], ['0.06238000', '8.53800000'], ['0.06157000', '24.33570000']]",[],1693386549308,,,
ETHBTC,"[['0.06243000', '3.64580000'], ['0.06235000', '4.05520000'], ['0.06157000', '24.33400000']]","[['0.06270000', '98.02120000'], ['0.06297000', '5.29800000']]",1693386550308,0.06256500000000001,0.00027000000000000635,101.66699999999999
ETHBTC,"[['0.06254000', '37.19650000'], ['0.06253000', '51.39870000'], ['0.06248000', '25.14500000'], ['0.06136000', '9.26070000'], ['0.06112000', '2.73800000'], ['0.05631000', '0.87330000']]","[['0.06267000', '66.24340000']]",1693386551308,0.062605,0.0001300000000000051,103.4399
ETHBTC,"[['0.06254000', '65.05890000'], ['0.06253000', '23.88090000'], ['0.06203000', '12.59320000'], ['0.06129000', '8.09600000']]",[],1693386552308,,,
ETHBTC,"[['0.06248000', '25.22340000'], ['0.06207000', '2.22790000'], ['0.06157000', '24.33570000']]","[['0.06258000', '79.36900000'], ['0.06267000', '66.32080000']]",1693386553308,0.06253,9.999999999999593e-05,104.5924
ETHBTC,"[['0.06243000', '56.74380000'], ['0.06157000', '24.33400000']]","[['0.06270000', '134.92320000']]",1693386554308,0.06256500000000001,0.00027000000000000635,191.667
ETHBTC,"[['0.06256000', '43.68020000'], ['0.06255000', '34.90440000']]",[],1693386557309,,,
ETHBTC,"[['0.06254000', '37.19650000'], ['0.06253000', '54.00580000']]",[],1693386558309,,,
ETHBTC,"[['0.06254000', '67.94650000'], ['0.06253000', '23.88090000']]",[],1693386559309,,,
ETHBTC,"[['0.06254000', '68.52850000'], ['0.06253000', '23.29890000'], ['0.06235000', '4.05520000']]","[['0.06261000', '20.62560000'], ['0.06262000', '22.57330000'], ['0.06297000', '5.29800000']]",1693386560309,0.06257499999999999,7.000000000000062e-05,89.1541
ETHBTC,"[['0.06243000', '3.64580000']]","[['0.06270000', '98.02120000']]",1693386562309,0.06256500000000001,0.00027000000000000635,101.66699999999999
ETHBTC,"[['0.06228000', '5.06810000']]",[],1693386563309,,,
ETHBTC,"[['0.06243000', '56.74380000']]","[['0.06270000', '134.92320000']]",1693386565309,0.06256500000000001,0.00027000000000000635,191.667
ETHBTC,"[['0.05631000', '0.87330000']]","[['0.06280000', '5.77500000']]",1693386566309,0.059555,0.006489999999999996,6.648300000000001
ETHBTC,[],"[['0.06258000', '78.36900000'], ['0.06259000', '104.34670000']]",1693386567309,,,
ETHBTC,"[['0.06256000', '39.91200000'], ['0.06255000', '33.98860000'], ['0.06157000', '24.33570000']]",[],1693386568309,,,
ETHBTC,"[['0.06256000', '39.63180000'], ['0.06157000', '24.33400000']]",[],1693386569309,,,
ETHBTC,"[['0.06256000', '43.68020000'], ['0.06255000', '33.98860000'], ['0.06238000', '5.53800000']]","[['0.06313000', '2.24920000']]",1693386570309,0.06284500000000001,0.0005700000000000011,45.9294
ETHBTC,"[['0.06254000', '36.99500000'], ['0.06253000', '55.01130000'], ['0.06251000', '44.03370000'], ['0.06238000', '8.53800000'], ['0.06235000', '4.05520000']]","[['0.06261000', '19.73180000'], ['0.06262000', '20.05720000'], ['0.06297000', '5.29800000'], ['0.06313000', '3.24920000']]",1693386571309,0.06257499999999999,7.000000000000062e-05,56.7268
ETHBTC,"[['0.06254000', '68.70740000'], ['0.06253000', '23.29890000']]",[],1693386572309,,,
ETHBTC,"[['0.06157000', '24.33400000'], ['0.06111000', '1.37890000']]","[['0.06450000', '32.20010000'], ['0.06451000', '37.80540000']]",1693386573309,0.06303500000000001,0.002930000000000002,56.534099999999995
ETHBTC,"[['0.06243000', '3.64580000'], ['0.06157000', '24.33570000'], ['0.06111000', '137.76180000']]","[['0.06270000', '98.02120000']]",1693386574309,0.06256500000000001,0.00027000000000000635,101.66699999999999
ETHBTC,"[['0.06157000', '24.33400000']]",[],1693386575310,,,
ETHBTC,"[['0.06256000', '42.68020000'], ['0.06255000', '34.98860000']]",[],1693386576310,,,
ETHBTC,"[['0.06254000', '36.99500000'], ['0.06253000', '54.96600000'], ['0.06243000', '56.74380000']]","[['0.06270000', '134.92320000']]",1693386577310,0.06262000000000001,0.00016000000000000736,171.9182
ETHBTC,"[['0.06167000', '0.93620000'], ['0.06000000', '685.86830000'], ['0.05833000', '0.82250000']]","[['0.06667000', '2.85090000'], ['0.06833000', '29.00890000']]",1693386578310,0.06417,0.0049999999999999906,3.7871
ETHBTC,"[['0.06254000', '68.74470000'], ['0.06253000', '23.29890000'], ['0.06157000', '24.33570000']]","[['0.06500000', '402.42320000']]",1693386579310,0.06377,0.002460000000000004,471.16790000000003
ETHBTC,"[['0.06167000', '0.93370000'], ['0.06157000', '24.33400000'], ['0.06000000', '685.86580000'], ['0.05833000', '0.82000000']]","[['0.06500000', '402.42070000'], ['0.06667000', '2.84840000'], ['0.06833000', '29.00640000']]",1693386580310,0.063335,0.0033299999999999996,403.3544
ETHBTC,"[['0.06256000', '37.85840000'], ['0.06255000', '39.81290000'], ['0.06254000', '36.99500000'], ['0.06238000', '8.53800000'], ['0.06235000', '4.05520000'], ['0.06157000', '24.33570000'], ['0.05631000', '0.87330000']]","[['0.06297000', '5.29800000'], ['0.06313000', '3.24920000']]",1693386581310,0.062765,0.0004099999999999937,43.156400000000005
ETHBTC,"[['0.06253000', '55.17130000'], ['0.06157000', '24.33400000']]","[['0.06258000', '79.36900000'], ['0.06259000', '103.34670000']]",1693386582310,0.062555,4.999999999999449e-05,134.5403
ETHBTC,"[['0.06254000', '68.49870000'], ['0.06253000', '23.29890000']]",[],1693386583310,,,
ETHBTC,"[['0.06238000', '5.53800000'], ['0.06157000', '24.33400000']]","[['0.06313000', '2.24920000']]",1693386584310,0.062755,0.0007500000000000076,7.7872
ETHBTC,"[['0.06238000', '8.53800000'], ['0.06157000', '24.33570000']]","[['0.06258000', '78.36900000'], ['0.06259000', '104.34670000'], ['0.06313000', '3.24920000']]",1693386585310,0.062479999999999994,0.0001999999999999988,86.907
ETHBTC,"[['0.06254000', '69.28440000'], ['0.06252000', '24.85470000'], ['0.06243000', '3.64580000'], ['0.06157000', '24.33400000']]","[['0.06262000', '20.94880000'], ['0.06263000', '45.43980000'], ['0.06270000', '98.02120000']]",1693386586310,0.06258,7.999999999999674e-05,90.23320000000001
ETHBTC,"[['0.06257000', '26.98190000'], ['0.06157000', '24.33570000']]",[],1693386588310,,,
ETHBTC,"[['0.06243000', '56.74380000'], ['0.06238000', '5.53800000'], ['0.06157000', '24.33400000']]","[['0.06263000', '48.99750000'], ['0.06265000', '7.11770000'], ['0.06270000', '134.92320000']]",1693386589310,0.06253,0.00020000000000000573,105.7413
ETHBTC,"[['0.06257000', '23.81150000'], ['0.06254000', '37.78070000'], ['0.06253000', '53.09290000'], ['0.06248000', '25.14500000'], ['0.06238000', '8.53800000']]","[['0.06267000', '66.24340000'], ['0.06313000', '3.24920000']]",1693386590310,0.06262000000000001,0.00010000000000000286,90.05489999999999
ETHBTC,"[['0.06256000', '41.18320000'], ['0.06235000', '4.05520000']]","[['0.06297000', '5.29800000']]",1693386591310,0.062765,0.0004099999999999937,46.4812
ETHBTC,"[['0.06254000', '67.24900000'], ['0.06253000', '23.29890000'], ['0.06248000', '25.22380000']]","[['0.06267000', '66.32090000']]",1693386592310,0.062605,0.0001300000000000051,133.5699
ETHBTC,"[['0.06254000', '37.78070000'], ['0.06253000', '52.59990000']]",[],1693386593310,,,
ETHBTC,"[['0.06248000', '22.94310000'], ['0.06157000', '24.33570000']]",[],1693386594311,,,
ETHBTC,"[['0.06254000', '67.06720000'], ['0.06253000', '23.29890000'], ['0.06249000', '13.42630000'], ['0.06248000', '22.86430000'], ['0.06157000', '24.33400000']]","[['0.06267000', '66.24340000']]",1693386595311,0.062605,0.0001300000000000051,133.3106
ETHBTC,"[['0.05631000', '0.87330000']]",[],1693386596311,,,
ETHBTC,"[['0.06157000', '24.33400000']]","[['0.06261000', '18.83620000'], ['0.06262000', '21.84440000']]",1693386597311,0.06209,0.0010399999999999993,43.1702
ETHBTC,"[['0.06257000', '26.89520000'], ['0.06254000', '67.06720000'], ['0.06252000', '27.35200000'], ['0.06251000', '41.53640000'], ['0.06248000', '22.94230000'], ['0.06243000', '3.64580000']]","[['0.06263000', '48.99750000'], ['0.06267000', '66.32210000'], ['0.06270000', '98.02120000']]",1693386598311,0.0626,6.0000000000004494e-05,75.8927
ETHBTC,"[['0.06257000', '30.01340000'], ['0.06256000', '37.85840000'], ['0.06157000', '24.33570000']]","[['0.06259000', '60.55950000'], ['0.06260000', '78.49620000'], ['0.06264000', '56.87150000']]",1693386599311,0.06258,2.0000000000006124e-05,90.5729
ETHBTC,"[['0.06257000', '33.01620000'], ['0.06255000', '35.57110000'], ['0.06157000', '24.33400000']]","[['0.06288000', '3.41890000']]",1693386600311,0.062725,0.0003100000000000047,36.4351
ETHBTC,"[['0.06157000', '24.33570000']]",[],1693386601311,,,
ETHBTC,"[['0.06235000', '4.05520000'], ['0.06157000', '24.33570000'], ['0.06112000', '2.69870000']]","[['0.06297000', '5.29800000']]",1693386602311,0.06266,0.0006199999999999956,9.353200000000001
ETHBTC,"[['0.06243000', '56.74380000'], ['0.06157000', '24.33400000']]","[['0.06270000', '134.92320000']]",1693386603311,0.06256500000000001,0.00027000000000000635,191.667
ETHBTC,"[['0.06112000', '2.73800000']]",[],1693386604311,,,
ETHBTC,"[['0.06254000', '66.48520000'], ['0.06248000', '22.86430000']]","[['0.06261000', '18.25420000'], ['0.06263000', '45.43980000'], ['0.06266000', '38.24480000'], ['0.06267000', '66.24340000']]",1693386605311,0.06257499999999999,7.000000000000062e-05,84.7394
ETHBTC,"[['0.06157000', '24.33570000']]","[['0.06258000', '78.30950000']]",1693386606311,0.062075,0.001009999999999997,102.6452
ETHBTC,"[['0.06254000', '37.19870000'], ['0.06253000', '54.91910000'], ['0.06157000', '24.33400000']]",[],1693386607311,,,
ETHBTC,[],"[['0.06347000', '0.92770000'], ['0.06349000', '19.54010000'], ['0.06448000', '4.55510000']]",1693386608311,,,
ETHBTC,"[['0.06254000', '69.18350000'], ['0.06253000', '23.29890000'], ['0.06157000', '24.33400000']]","[['0.06258000', '78.10730000'], ['0.06267000', '66.32220000']]",1693386609311,0.06256,3.999999999999837e-05,147.2908
ETHBTC,"[['0.06243000', '3.64580000']]","[['0.06270000', '98.02120000']]",1693386610311,0.06256500000000001,0.00027000000000000635,101.66699999999999
ETHBTC,"[['0.06157000', '24.33570000']]",[],1693386611311,,,
ETHBTC,"[['0.06254000', '37.19870000'], ['0.06253000', '55.35850000'], ['0.06235000', '4.05520000'], ['0.06157000', '24.33400000'], ['0.05631000', '0.87330000']]","[['0.06297000', '5.29800000']]",1693386612311,0.062755,0.0004299999999999998,42.496700000000004
ETHBTC,"[['0.06254000', '69.25830000'], ['0.06253000', '23.29890000'], ['0.06248000', '22.94310000']]","[['0.06265000', '13.07790000'], ['0.06266000', '34.33370000']]",1693386613311,0.062595,0.00010999999999999899,82.3362
ETHBTC,"[['0.06255000', '37.87110000'], ['0.06252000', '31.95200000'], ['0.06250000', '89.26280000'], ['0.06248000', '27.54310000'], ['0.06246000', '67.50960000'], ['0.06243000', '56.74380000'], ['0.06208000', '2.92470000'], ['0.06129000', '8.09270000']]","[['0.06270000', '134.92320000']]",1693386614312,0.062625,0.00015000000000001124,172.79430000000002
ETHBTC,"[['0.06254000', '37.19870000'], ['0.06253000', '55.35850000'], ['0.06207000', '2.24090000'], ['0.06122000', '57.13770000']]",[],1693386615312,,,
ETHBTC,"[['0.06254000', '69.25830000'], ['0.06253000', '23.29890000'], ['0.06157000', '24.33570000']]","[['0.06258000', '77.02730000'], ['0.06298000', '8.48100000']]",1693386617312,0.06256,3.999999999999837e-05,146.2856
ETHBTC,"[['0.06257000', '33.47700000'], ['0.06248000', '27.46430000'], ['0.06157000', '24.33400000'], ['0.06153000', '3.82210000'], ['0.06054000', '2.65650000']]","[['0.06267000', '66.24340000']]",1693386618312,0.06262000000000001,0.00010000000000000286,99.72039999999998
ETHBTC,"[['0.06054000', '2.68380000']]",[],1693386619312,,,
ETHBTC,"[['0.06254000', '69.84030000'], ['0.06248000', '27.54220000']]","[['0.06261000', '18.83620000'], ['0.06267000', '66.32220000'], ['0.06304000', '2.81930000']]",1693386620312,0.06257499999999999,7.000000000000062e-05,88.6765
ETHBTC,[],"[['0.06298000', '7.98450000']]",1693386621312,,,
ETHBTC,"[['0.06243000', '3.64580000'], ['0.06235000', '4.05520000']]","[['0.06259000', '46.01440000'], ['0.06260000', '93.04130000'], ['0.06270000', '98.02120000'], ['0.06297000', '5.29800000'], ['0.06308000', '2.19940000']]",1693386622312,0.06251000000000001,0.00016000000000000736,49.6602
ETHBTC,"[['0.06157000', '24.33400000']]",[],1693386623312,,,
ETHBTC,"[['0.06254000', '35.29270000'], ['0.06253000', '55.42180000'], ['0.06252000', '27.86930000'], ['0.06249000', '7.91490000'], ['0.06248000', '57.03260000'], ['0.06247000', '112.80620000'], ['0.06243000', '56.74380000']]","[['0.06258000', '77.13320000'], ['0.06259000', '40.19530000'], ['0.06260000', '98.86240000'], ['0.06261000', '16.70660000'], ['0.06262000', '17.72180000'], ['0.06265000', '7.54560000'], ['0.06270000', '134.92320000']]",1693386625312,0.06256,3.999999999999837e-05,112.42590000000001
ETHBTC,[],"[['0.06258000', '76.70320000'], ['0.06308000', '2.69540000']]",1693386626312,,,
ETHBTC,"[['0.06254000', '67.52330000'], ['0.06253000', '23.21210000'], ['0.06252000', '31.86470000'], ['0.05631000', '0.87330000']]","[['0.06298000', '7.63690000']]",1693386627312,0.06276,0.00043999999999999595,75.1602
ETHBTC,"[['0.06172000', '15.52870000']]","[['0.06308000', '3.19140000']]",1693386628312,0.0624,0.00136,18.720100000000002
ETHBTC,"[['0.06257000', '39.10900000'], ['0.06256000', '27.95260000'], ['0.06255000', '34.09010000'], ['0.06254000', '37.73840000'], ['0.06253000', '55.48020000'], ['0.06249000', '13.36050000']]","[['0.06280000', '5.77180000'], ['0.06296000', '7.88300000']]",1693386629312,0.06268499999999999,0.0002299999999999941,44.8808
ETHBTC,"[['0.06255000', '37.87110000']]",[],1693386630312,,,
ETHBTC,"[['0.06254000', '69.73650000'], ['0.06253000', '23.21210000']]",[],1693386631312,,,
ETHBTC,[],"[['0.06265000', '1.58540000']]",1693386632312,,,
ETHBTC,"[['0.06235000', '4.05520000']]","[['0.06263000', '50.16800000'], ['0.06297000', '5.29800000'], ['0.06308000', '3.53860000']]",1693386633313,0.062490000000000004,0.00028000000000000247,54.2232
ETHBTC,"[['0.06243000', '3.64580000'], ['0.06007000', '2.76810000']]","[['0.06270000', '98.02120000']]",1693386634313,0.06256500000000001,0.00027000000000000635,101.66699999999999
ETHBTC,[],"[['0.06258000', '76.20320000']]",1693386635313,,,
ETHBTC,"[['0.06254000', '37.73840000'], ['0.06253000', '54.43690000'], ['0.06157000', '24.33740000'], ['0.06007000', '3.24330000']]",[],1693386636313,,,
ETHBTC,"[['0.06243000', '56.74380000'], ['0.06157000', '24.33400000']]","[['0.06270000', '134.92320000']]",1693386637313,0.06256500000000001,0.00027000000000000635,191.667
ETHBTC,"[['0.06254000', '68.57660000'], ['0.06253000', '23.21210000'], ['0.06162000', '7.32520000'], ['0.06159000', '66.86570000'], ['0.06157000', '24.33400000'], ['0.06115000', '88.46230000'], ['0.06112000', '2.66350000']]","[['0.06258000', '76.19850000']]",1693386638313,0.06256,3.999999999999837e-05,144.7751
ETHBTC,"[['0.06257000', '38.64820000']]",[],1693386640313,,,
ETHBTC,"[['0.06157000', '24.33400000'], ['0.05631000', '0.87330000']]",[],1693386642313,,,
ETHBTC,"[['0.06235000', '4.05520000']]","[['0.06297000', '5.29800000']]",1693386643313,0.06266,0.0006199999999999956,9.353200000000001
ETHBTC,"[['0.06250000', '93.32070000'], ['0.06249000', '10.31910000']]","[['0.06263000', '45.43980000'], ['0.07069000', '2.76410000']]",1693386644313,0.06256500000000001,0.0001300000000000051,138.7605
ETHBTC,"[['0.06254000', '37.73840000'], ['0.06253000', '53.45110000']]","[['0.06258000', '72.15010000'], ['0.06259000', '44.24370000'], ['0.06266000', '39.29030000']]",1693386645313,0.06256,3.999999999999837e-05,109.8885
ETHBTC,"[['0.06243000', '3.64580000'], ['0.06157000', '24.33570000']]","[['0.06263000', '42.94250000'], ['0.06264000', '59.36880000'], ['0.06270000', '98.02120000'], ['0.06308000', '4.03460000']]",1693386646313,0.06253,0.00020000000000000573,46.588300000000004
ETHBTC,"[['0.06157000', '24.33400000']]",[],1693386647313,,,
ETHBTC,"[['0.06254000', '67.93570000'], ['0.06253000', '23.21210000'], ['0.06157000', '24.33740000']]",[],1693386648313,,,
ETHBTC,"[['0.06243000', '56.74380000'], ['0.06157000', '24.33400000']]","[['0.06270000', '134.92320000']]",1693386649313,0.06256500000000001,0.00027000000000000635,191.667
ETHBTC,"[['0.06157000', '24.33400000']]",[],1693386651313,,,
ETHBTC,"[['0.06254000', '37.73840000'], ['0.06253000', '53.33850000']]","[['0.06308000', '3.53860000']]",1693386653313,0.06281,0.0005399999999999988,41.277
ETHBTC,"[['0.06235000', '4.05520000']]","[['0.06297000', '5.29800000']]",1693386654314,0.06266,0.0006199999999999956,9.353200000000001
ETHBTC,"[['0.06254000', '67.86480000'], ['0.06253000', '23.21210000']]","[['0.06259000', '43.12520000'], ['0.06314000', '3.38070000']]",1693386655314,0.06256500000000001,5.000000000000837e-05,110.99000000000001
ETHBTC,"[['0.06169000', '3.63130000'], ['0.06112000', '2.62420000'], ['0.03127000', '0.00000000'], ['0.03120000', '0.00760000'], ['0.03118000', '0.08010000']]","[['0.06258000', '72.34610000']]",1693386656314,0.062134999999999996,0.000889999999999995,75.9774
ETHBTC,[],"[['0.06298000', '7.14040000']]",1693386657314,,,
ETHBTC,"[['0.06243000', '3.64580000'], ['0.06169000', '4.44030000'], ['0.05631000', '0.87330000']]","[['0.06258000', '72.50270000'], ['0.06270000', '98.02120000']]",1693386658314,0.062505,0.00014999999999999736,76.1485
ETHBTC,"[['0.06177000', '7.17780000'], ['0.06157000', '24.33570000'], ['0.06112000', '2.66350000']]","[['0.06308000', '3.53860000']]",1693386659314,0.062424999999999994,0.0013099999999999987,10.7164
ETHBTC,"[['0.06257000', '38.34730000'], ['0.06157000', '24.33400000'], ['0.03129000', '0.04870000']]","[['0.06259000', '44.24370000']]",1693386660314,0.06258,2.0000000000006124e-05,82.591
ETHBTC,"[['0.06255000', '49.84830000'], ['0.06246000', '61.96920000'], ['0.06243000', '56.74380000'], ['0.06181000', '19.95790000']]","[['0.06270000', '134.92320000']]",1693386661314,0.062625,0.00015000000000001124,184.7715
ETHBTC,"[['0.06255000', '46.06730000']]","[['0.06258000', '72.50270000']]",1693386662314,0.062565,3.0000000000002247e-05,118.57000000000001
ETHBTC,"[['0.06256000', '31.73360000'], ['0.06157000', '24.33570000']]","[['0.06259000', '42.54990000'], ['0.06260000', '100.60450000'], ['0.06308000', '4.03460000']]",1693386663314,0.062575,3.0000000000002247e-05,74.2835
ETHBTC,"[['0.06248000', '56.95470000'], ['0.06235000', '4.05520000'], ['0.06182000', '6.90620000'], ['0.06157000', '24.33570000'], ['0.06111000', '137.76180000']]","[['0.06267000', '66.24340000'], ['0.06297000', '5.29800000'], ['0.06298000', '6.79280000']]",1693386664314,0.062575,0.00019000000000000267,123.1981
ETHBTC,"[['0.06157000', '24.33740000']]","[['0.06307000', '5.26670000']]",1693386665314,0.06232,0.0015000000000000013,29.6041
ETHBTC,"[['0.06257000', '38.76520000'], ['0.06182000', '6.91580000'], ['0.06157000', '24.33400000']]","[['0.06268000', '3.41330000']]",1693386666314,0.062625,0.00010999999999999899,42.1785
ETHBTC,"[['0.06257000', '38.29940000'], ['0.06249000', '10.39780000']]",[],1693386667314,,,
ETHBTC,"[['0.06257000', '38.27190000']]","[['0.06261000', '16.70660000'], ['0.06348000', '22.27190000'], ['0.06349000', '19.47090000'], ['0.06448000', '4.55510000']]",1693386668314,0.06259,3.999999999999837e-05,54.978500000000004
ETHBTC,"[['0.06252000', '33.86240000'], ['0.06251000', '39.53870000'], ['0.06157000', '24.33400000']]","[['0.06263000', '42.94250000'], ['0.06307000', '5.61390000']]",1693386669314,0.062575,0.00010999999999999899,76.8049
ETHBTC,"[['0.06257000', '38.72680000'], ['0.06256000', '40.42540000'], ['0.06255000', '77.24840000'], ['0.06254000', '37.73840000'], ['0.06248000', '27.46430000'], ['0.06243000', '3.64580000']]","[['0.06258000', '72.24020000'], ['0.06259000', '42.54990000'], ['0.06270000', '98.02120000']]",1693386670314,0.06257499999999999,9.999999999996123e-06,110.967
ETHBTC,"[['0.06207000', '2.22790000']]",[],1693386672314,,,
ETHBTC,"[['0.06209000', '3.93360000'], ['0.06157000', '24.33570000'], ['0.05631000', '0.87330000']]",[],1693386673314,,,
ETHBTC,"[['0.06257000', '38.33280000'], ['0.06249000', '10.31910000'], ['0.06235000', '4.05520000'], ['0.06157000', '24.33400000']]","[['0.06268000', '3.33470000'], ['0.06297000', '5.29800000']]",1693386674314,0.062625,0.00010999999999999899,41.6675
ETHBTC,"[['0.06243000', '56.74380000']]","[['0.06270000', '134.92320000']]",1693386675315,0.06256500000000001,0.00027000000000000635,191.667
ETHBTC,"[['0.06257000', '38.33280000'], ['0.06256000', '31.73360000'], ['0.06255000', '46.06730000'], ['0.06254000', '71.70630000'], ['0.06248000', '27.54250000'], ['0.06094000', '2.29190000']]","[['0.06259000', '41.75100000'], ['0.06267000', '66.32150000']]",1693386676315,0.06258,2.0000000000006124e-05,80.0838
ETHBTC,"[['0.06257000', '38.15820000'], ['0.06256000', '40.42550000'], ['0.06255000', '80.11700000'], ['0.06254000', '37.73840000'], ['0.06157000', '24.33400000'], ['0.06122000', '57.13440000'], ['0.06120000', '106.04680000']]","[['0.06259000', '41.75100000']]",1693386677315,0.06258,2.0000000000006124e-05,79.9092
ETHBTC,"[['0.06256000', '27.95260000'], ['0.06255000', '46.06730000'], ['0.06254000', '72.09950000'], ['0.06238000', '12.31900000']]",[],1693386678315,,,
ETHBTC,"[['0.06206000', '6.88970000'], ['0.06172000', '15.03270000']]",[],1693386679315,,,
ETHBTC,"[['0.06206000', '6.89300000'], ['0.06157000', '24.33570000']]",[],1693386680315,,,
ETHBTC,"[['0.06157000', '24.33400000']]","[['0.06260000', '101.40340000']]",1693386681315,0.062085,0.0010300000000000031,125.73740000000001
ETHBTC,"[['0.06243000', '3.64580000']]","[['0.06270000', '98.02120000']]",1693386682315,0.06256500000000001,0.00027000000000000635,101.66699999999999
ETHBTC,"[['0.06243000', '56.74380000'], ['0.06235000', '4.05520000']]","[['0.06270000', '134.92320000'], ['0.06297000', '5.29800000']]",1693386685315,0.06256500000000001,0.00027000000000000635,191.667
ETHBTC,"[['0.06257000', '38.65820000']]",[],1693386686315,,,
ETHBTC,"[['0.05631000', '0.87330000']]",[],1693386688315,,,
ETHBTC,"[['0.06255000', '46.64930000'], ['0.06254000', '71.51750000']]","[['0.06261000', '16.70660000']]",1693386689315,0.06258,6.0000000000004494e-05,63.3559
ETHBTC,"[['0.06157000', '24.33400000']]","[['0.06264000', '66.30960000'], ['0.06266000', '34.33370000'], ['0.06308000', '3.53860000']]",1693386690315,0.062105,0.0010700000000000015,90.6436
ETHBTC,"[['0.06257000', '38.65820000'], ['0.06254000', '37.15640000'], ['0.06253000', '53.22990000'], ['0.06252000', '33.83050000'], ['0.06250000', '92.72070000']]","[['0.06258000', '72.20830000'], ['0.06260000', '100.80340000']]",1693386691315,0.06257499999999999,9.999999999996123e-06,110.8665
ETHBTC,"[['0.06250000', '88.66280000']]","[['0.06281000', '3.77340000'], ['0.06296000', '7.87980000']]",1693386692316,0.062655,0.0003100000000000047,92.4362
ETHBTC,"[['0.06257000', '29.71710000'], ['0.06256000', '35.90210000'], ['0.06255000', '47.06730000'], ['0.06254000', '37.15640000'], ['0.06253000', '23.21210000'], ['0.06247000', '117.31500000']]","[['0.06258000', '78.30770000'], ['0.06259000', '43.52430000'], ['0.06260000', '94.98230000'], ['0.06261000', '17.59820000'], ['0.06262000', '16.83020000']]",1693386693316,0.06257499999999999,9.999999999996123e-06,108.0248
ETHBTC,"[['0.06257000', '26.25940000'], ['0.06256000', '36.90210000'], ['0.06255000', '47.96780000'], ['0.06253000', '23.79410000'], ['0.06252000', '29.23050000'], ['0.06250000', '84.06280000'], ['0.06248000', '22.94250000'], ['0.06246000', '78.06920000'], ['0.06243000', '3.64580000'], ['0.06238000', '12.31900000']]","[['0.06258000', '81.20980000'], ['0.06270000', '98.02120000'], ['0.06287000', '0.91680000'], ['0.06298000', '6.29630000']]",1693386694316,0.06257499999999999,9.999999999996123e-06,107.4692
ETHBTC,"[['0.06257000', '26.25050000'], ['0.06254000', '37.15640000'], ['0.06235000', '4.05520000']]","[['0.06297000', '5.29800000'], ['0.06307000', '5.61390000']]",1693386695316,0.06276999999999999,0.0003999999999999976,31.548499999999997
ETHBTC,"[['0.06254000', '66.78840000'], ['0.06243000', '56.74380000']]","[['0.06262000', '22.15630000'], ['0.06264000', '59.36880000'], ['0.06270000', '134.92320000']]",1693386697316,0.06258,7.999999999999674e-05,88.9447
ETHBTC,"[['0.06254000', '37.15640000'], ['0.06157000', '24.33740000']]","[['0.06262000', '16.83020000']]",1693386698316,0.06258,7.999999999999674e-05,53.986599999999996
ETHBTC,"[['0.06252000', '29.26240000'], ['0.06157000', '24.33570000']]","[['0.06258000', '81.24170000'], ['0.06268000', '8.68030000']]",1693386699316,0.06255,5.9999999999990616e-05,110.5041
ETHBTC,"[['0.06257000', '11.06790000'], ['0.06256000', '31.85370000'], ['0.06255000', '56.77870000'], ['0.06254000', '36.39160000'], ['0.06250000', '84.66280000'], ['0.06238000', '8.53800000'], ['0.06157000', '24.33400000']]","[['0.06258000', '85.43750000'], ['0.06259000', '42.54610000'], ['0.06260000', '95.56090000'], ['0.06261000', '18.49380000'], ['0.06262000', '15.93460000'], ['0.06264000', '49.86880000'], ['0.06303000', '5.97340000'], ['0.06307000', '6.10990000']]",1693386700316,0.06257499999999999,9.999999999996123e-06,96.5054
ETHBTC,"[['0.06256000', '38.48910000'], ['0.06255000', '59.79490000'], ['0.06254000', '40.63780000'], ['0.06252000', '57.94830000'], ['0.06248000', '22.86430000'], ['0.06238000', '8.53800000'], ['0.06157000', '24.33400000']]","[['0.06259000', '52.04610000'], ['0.06266000', '34.41400000'], ['0.06267000', '66.24340000'], ['0.06307000', '6.60590000']]",1693386701316,0.062575,3.0000000000002247e-05,90.5352
ETHBTC,"[['0.06257000', '16.68090000'], ['0.06256000', '35.71810000'], ['0.06255000', '56.01390000'], ['0.06254000', '40.61690000'], ['0.06247000', '117.39590000'], ['0.06157000', '24.33570000']]","[['0.06258000', '82.24170000'], ['0.06259000', '42.34170000'], ['0.06260000', '84.06900000'], ['0.06261000', '15.46140000'], ['0.06264000', '59.36880000']]",1693386702316,0.06257499999999999,9.999999999996123e-06,98.92259999999999
ETHBTC,"[['0.06256000', '37.47780000'], ['0.06255000', '56.80020000'], ['0.06254000', '36.37070000'], ['0.06253000', '23.79410000'], ['0.06252000', '27.26470000'], ['0.06250000', '86.66050000'], ['0.06157000', '24.33400000'], ['0.05631000', '0.87330000']]","[['0.06258000', '83.83960000'], ['0.06259000', '42.52430000']]",1693386703316,0.06257,1.9999999999992246e-05,121.3174
ETHBTC,"[['0.06256000', '41.52620000'], ['0.06255000', '52.75180000']]","[['0.06258000', '82.83960000'], ['0.06259000', '58.06940000']]",1693386704316,0.06257,1.9999999999992246e-05,124.36580000000001
ETHBTC,"[['0.06255000', '53.21920000'], ['0.06253000', '50.51930000'], ['0.06235000', '4.05520000'], ['0.06157000', '24.33400000']]","[['0.06258000', '82.83960000'], ['0.06297000', '5.29800000']]",1693386705316,0.062565,3.0000000000002247e-05,136.05880000000002
ETHBTC,"[['0.06257000', '16.74870000'], ['0.06255000', '49.43820000'], ['0.06243000', '3.64580000']]","[['0.06258000', '82.24170000'], ['0.06259000', '57.06940000'], ['0.06270000', '98.02120000'], ['0.06307000', '6.95310000']]",1693386706316,0.06257499999999999,9.999999999996123e-06,98.9904
ETHBTC,"[['0.06254000', '36.37070000'], ['0.06253000', '23.79410000']]",[],1693386707316,,,
ETHBTC,"[['0.06253000', '24.57980000'], ['0.06243000', '56.74380000'], ['0.06238000', '12.31900000']]","[['0.06270000', '134.92320000']]",1693386709316,0.062615,0.00017000000000000348,159.50300000000001
ETHBTC,"[['0.06157000', '24.33570000']]","[['0.06258000', '82.71350000']]",1693386710316,0.062075,0.001009999999999997,107.0492
ETHBTC,"[['0.06254000', '36.37070000'], ['0.06157000', '24.33400000']]",[],1693386711317,,,
ETHBTC,"[['0.06255000', '51.73820000'], ['0.06252000', '31.86470000'], ['0.06250000', '91.26050000'], ['0.06248000', '27.46430000'], ['0.06246000', '61.96920000']]",[],1693386712317,,,
ETHBTC,"[['0.06253000', '50.33350000'], ['0.06157000', '24.33570000']]","[['0.06258000', '78.37550000'], ['0.06259000', '69.22300000']]",1693386713317,0.062555,4.999999999999449e-05,128.709
ETHBTC,"[['0.06157000', '24.33400000']]",[],1693386714317,,,
ETHBTC,"[['0.06257000', '22.57330000'], ['0.06256000', '41.98270000'], ['0.06255000', '45.91390000']]",[],1693386715317,,,
ETHBTC,"[['0.06256000', '36.15880000'], ['0.06255000', '51.73980000'], ['0.06235000', '4.05520000'], ['0.06157000', '24.33400000']]","[['0.06297000', '5.29800000']]",1693386716317,0.062765,0.0004099999999999937,41.4568
ETHBTC,"[['0.06238000', '12.31900000']]","[['0.06313000', '2.24920000'], ['0.06730000', '5.47780000']]",1693386717317,0.062755,0.0007500000000000076,14.568200000000001
ETHBTC,"[['0.06243000', '3.64580000'], ['0.05631000', '0.87330000']]","[['0.06258000', '77.90370000'], ['0.06270000', '98.02120000'], ['0.06313000', '3.24920000']]",1693386718317,0.062505,0.00014999999999999736,81.5495
ETHBTC,"[['0.06256000', '36.15880000'], ['0.06255000', '51.71830000'], ['0.06238000', '8.53800000']]","[['0.06258000', '73.40370000'], ['0.06260000', '84.04820000'], ['0.06261000', '15.47990000']]",1693386719317,0.06257,1.9999999999992246e-05,109.5625
ETHBTC,"[['0.06257000', '28.62010000'], ['0.06256000', '35.46090000'], ['0.06255000', '47.98420000'], ['0.06254000', '41.24590000'], ['0.06253000', '19.70630000'], ['0.06250000', '81.66050000'], ['0.06247000', '117.31500000'], ['0.06238000', '12.31900000']]","[['0.06258000', '72.13290000'], ['0.06259000', '36.65120000'], ['0.06260000', '72.41020000'], ['0.06261000', '46.44170000'], ['0.06262000', '19.96960000'], ['0.06266000', '34.33370000'], ['0.06267000', '66.32260000']]",1693386720317,0.06257499999999999,9.999999999996123e-06,100.75300000000001
ETHBTC,"[['0.06256000', '33.14260000'], ['0.06255000', '57.12870000']]","[['0.06258000', '84.11880000'], ['0.06259000', '29.32050000'], ['0.06260000', '68.15500000'], ['0.06261000', '44.87410000']]",1693386721317,0.06257,1.9999999999992246e-05,117.2614
ETHBTC,"[['0.06257000', '28.61810000'], ['0.06254000', '68.56390000'], ['0.06250000', '85.51600000'], ['0.06247000', '112.80620000'], ['0.06243000', '56.74380000'], ['0.06238000', '8.53800000'], ['0.06157000', '24.33570000']]","[['0.06261000', '46.91610000'], ['0.06270000', '134.92320000']]",1693386722317,0.06259,3.999999999999837e-05,75.5342
ETHBTC,"[['0.06238000', '12.31900000'], ['0.06157000', '24.33400000']]","[['0.06258000', '83.11880000'], ['0.06259000', '30.79980000']]",1693386723317,0.062479999999999994,0.0001999999999999988,95.4378
ETHBTC,"[['0.06254000', '41.24590000'], ['0.06253000', '47.36060000'], ['0.06248000', '27.54460000'], ['0.06238000', '9.31900000']]","[['0.06258000', '84.11880000'], ['0.06259000', '29.79980000']]",1693386724317,0.06256,3.999999999999837e-05,125.3647
ETHBTC,"[['0.06253000', '46.77860000'], ['0.06238000', '12.31900000']]","[['0.06313000', '3.24920000']]",1693386725317,0.06283,0.0006000000000000033,50.0278
ETHBTC,"[['0.06257000', '22.79350000'], ['0.06256000', '34.91890000'], ['0.06255000', '51.56660000'], ['0.06254000', '69.07040000'], ['0.06253000', '19.70630000'], ['0.06250000', '95.11600000'], ['0.06238000', '5.53800000'], ['0.06235000', '4.05520000']]","[['0.06258000', '101.51490000'], ['0.06259000', '42.44700000'], ['0.06260000', '53.60990000'], ['0.06261000', '46.89760000'], ['0.06264000', '49.86880000'], ['0.06297000', '5.29800000'], ['0.06307000', '6.45710000'], ['0.06313000', '2.24920000'], ['0.06730000', '5.48270000']]",1693386726317,0.06257499999999999,9.999999999996123e-06,124.3084
ETHBTC,"[['0.06257000', '19.80590000'], ['0.06256000', '33.91890000'], ['0.06255000', '54.15900000'], ['0.06254000', '54.52530000'], ['0.06253000', '34.25140000'], ['0.06238000', '5.53800000'], ['0.06234000', '6.13550000'], ['0.06157000', '24.33570000']]","[['0.06258000', '86.96980000'], ['0.06259000', '39.42960000'], ['0.06260000', '66.40990000'], ['0.06310000', '83.31280000']]",1693386727317,0.06257499999999999,9.999999999996123e-06,106.7757
ETHBTC,"[['0.06254000', '58.57370000'], ['0.06200000', '30.93210000'], ['0.06157000', '24.33570000'], ['0.06112000', '2.62420000']]","[['0.06258000', '90.09560000'], ['0.06259000', '50.84890000'], ['0.06348000', '22.20270000'], ['0.06349000', '19.54010000'], ['0.06448000', '4.55510000']]",1693386728317,0.06256,3.999999999999837e-05,148.66930000000002
ETHBTC,"[['0.06255000', '42.18180000'], ['0.06254000', '30.77080000'], ['0.06248000', '54.07400000'], ['0.06157000', '24.33400000'], ['0.06112000', '2.66350000']]","[['0.06262000', '22.46690000'], ['0.06264000', '47.37150000']]",1693386729317,0.062585,7.000000000000062e-05,64.6487
ETHBTC,"[['0.06255000', '48.71680000'], ['0.06254000', '63.64350000'], ['0.06243000', '3.64580000']]","[['0.06270000', '98.02120000'], ['0.06303000', '5.47690000']]",1693386730317,0.062625,0.00015000000000001124,146.738
ETHBTC,"[['0.06157000', '24.33570000']]","[['0.06268000', '7.13970000']]",1693386731317,0.062125,0.0011099999999999999,31.4754
ETHBTC,"[['0.06254000', '62.87430000'], ['0.06252000', '29.36740000'], ['0.06250000', '97.61330000'], ['0.06207000', '2.21490000'], ['0.06176000', '7.88530000'], ['0.06157000', '24.33400000']]","[['0.06307000', '6.45710000']]",1693386732317,0.062805,0.0005300000000000027,69.3314
ETHBTC,"[['0.06210000', '8.20110000']]",[],1693386733318,,,
ETHBTC,"[['0.06255000', '50.46520000'], ['0.06254000', '58.82590000'], ['0.06253000', '35.02060000'], ['0.06252000', '24.76740000'], ['0.06250000', '89.15780000'], ['0.06248000', '49.47400000'], ['0.06246000', '78.06920000'], ['0.06176000', '8.22470000'], ['0.05631000', '0.87330000']]",[],1693386734318,,,
ETHBTC,"[['0.06255000', '54.24620000'], ['0.06252000', '27.87950000'], ['0.06243000', '56.74380000']]","[['0.06270000', '134.92320000']]",1693386735318,0.062625,0.00015000000000001124,189.1694
ETHBTC,"[['0.06237000', '7.98640000'], ['0.06234000', '3.13550000'], ['0.06157000', '24.33570000']]","[['0.06258000', '89.76650000'], ['0.06307000', '6.95310000'], ['0.06310000', '82.31280000'], ['0.06312000', '3.48990000']]",1693386736318,0.062475,0.0002099999999999949,97.7529
ETHBTC,"[['0.06235000', '4.05520000'], ['0.06157000', '24.33400000']]","[['0.06297000', '5.29800000'], ['0.06302000', '10.90970000'], ['0.06307000', '7.44910000']]",1693386737318,0.06266,0.0006199999999999956,9.353200000000001
ETHBTC,"[['0.06255000', '56.29120000'], ['0.06254000', '52.99970000'], ['0.06238000', '9.31900000'], ['0.06120000', '106.04350000'], ['0.06117000', '51.98270000']]","[['0.06258000', '89.93910000']]",1693386740318,0.062565,3.0000000000002247e-05,146.2303
ETHBTC,"[['0.06157000', '24.33570000']]","[['0.06258000', '88.34120000']]",1693386741318,0.062075,0.001009999999999997,112.6769
ETHBTC,"[['0.06252000', '25.36340000'], ['0.06251000', '42.05480000'], ['0.06243000', '3.64580000'], ['0.06237000', '4.98640000'], ['0.06234000', '6.13550000'], ['0.06157000', '24.33400000']]","[['0.06263000', '42.94250000'], ['0.06270000', '98.02120000'], ['0.06308000', '3.88580000'], ['0.06312000', '2.48990000']]",1693386742318,0.062575,0.00010999999999999899,68.30590000000001
ETHBTC,"[['0.06157000', '24.33570000']]","[['0.06309000', '4.38990000']]",1693386743318,0.062329999999999997,0.0015199999999999936,28.7256
ETHBTC,"[['0.06157000', '24.33400000']]",[],1693386744318,,,
ETHBTC,"[['0.06257000', '24.77540000'], ['0.06243000', '56.74380000']]","[['0.06258000', '89.93910000'], ['0.06270000', '134.92320000']]",1693386745318,0.06257499999999999,9.999999999996123e-06,114.7145
ETHBTC,"[['0.06257000', '19.80590000']]","[['0.06259000', '50.84890000']]",1693386746318,0.06258,2.0000000000006124e-05,70.6548
ETHBTC,"[['0.06257000', '25.63080000'], ['0.06256000', '31.87520000'], ['0.06255000', '56.31310000'], ['0.06254000', '52.97810000'], ['0.06238000', '5.53800000'], ['0.06235000', '4.05520000']]","[['0.06258000', '83.84120000'], ['0.06259000', '45.00460000'], ['0.06260000', '72.25090000'], ['0.06297000', '5.29800000']]",1693386747318,0.06257499999999999,9.999999999996123e-06,109.47200000000001
ETHBTC,"[['0.06257000', '26.04770000'], ['0.06256000', '34.72050000'], ['0.06255000', '41.10650000'], ['0.06254000', '25.93160000'], ['0.06253000', '59.76340000'], ['0.06250000', '79.55780000']]","[['0.06258000', '82.57870000'], ['0.06259000', '36.50460000'], ['0.06264000', '56.87150000']]",1693386748318,0.06257499999999999,9.999999999996123e-06,108.62639999999999
ETHBTC,"[['0.06257000', '28.55640000'], ['0.06256000', '34.52050000'], ['0.06255000', '46.45800000'], ['0.06238000', '5.53800000'], ['0.05631000', '0.87330000']]","[['0.06314000', '2.43220000']]",1693386749318,0.062855,0.0005700000000000011,30.988599999999998
ETHBTC,"[['0.06257000', '28.55640000']]","[['0.06259000', '36.50460000']]",1693386750319,0.06258,2.0000000000006124e-05,65.061
ETHBTC,"[['0.06257000', '28.13950000'], ['0.06256000', '28.69420000'], ['0.06255000', '52.28420000'], ['0.06254000', '44.56860000'], ['0.06253000', '60.36270000'], ['0.06247000', '107.26660000']]","[['0.06258000', '83.57870000'], ['0.06259000', '36.50460000'], ['0.06260000', '37.96720000'], ['0.06261000', '81.18050000']]",1693386751319,0.06257499999999999,9.999999999996123e-06,111.7182
ETHBTC,"[['0.06254000', '70.37130000'], ['0.06253000', '35.61990000'], ['0.06234000', '3.13550000']]","[['0.06259000', '35.02530000'], ['0.06267000', '69.42080000'], ['0.06268000', '3.33470000'], ['0.06309000', '3.38990000']]",1693386752319,0.06256500000000001,5.000000000000837e-05,105.3966
ETHBTC,"[['0.06257000', '28.13950000'], ['0.06234000', '6.13550000']]","[['0.06259000', '35.50460000'], ['0.06310000', '83.31280000']]",1693386753319,0.06258,2.0000000000006124e-05,63.64410000000001
ETHBTC,"[['0.06256000', '37.72030000'], ['0.06255000', '48.50320000'], ['0.06254000', '44.56860000'], ['0.06248000', '22.94460000'], ['0.06243000', '3.64580000'], ['0.06238000', '9.31900000'], ['0.06160000', '72.10130000'], ['0.06159000', '12.31250000'], ['0.06111000', '137.76180000']]","[['0.06259000', '35.50460000'], ['0.06270000', '98.02120000']]",1693386754319,0.062575,3.0000000000002247e-05,73.2249
ETHBTC,[],"[['0.06281000', '3.77340000']]",1693386755319,,,
ETHBTC,"[['0.06257000', '28.55650000'], ['0.06256000', '38.72030000'], ['0.06255000', '74.12340000'], ['0.06157000', '24.33570000']]","[['0.06258000', '82.57870000'], ['0.06259000', '36.50460000']]",1693386756319,0.06257499999999999,9.999999999996123e-06,111.1352
ETHBTC,"[['0.06256000', '37.72030000'], ['0.06255000', '75.12340000'], ['0.06243000', '56.74380000'], ['0.06235000', '4.05520000'], ['0.06157000', '24.33400000']]","[['0.06259000', '36.02220000'], ['0.06270000', '134.92320000'], ['0.06297000', '5.29800000']]",1693386757319,0.062575,3.0000000000002247e-05,73.7425
ETHBTC,"[['0.06257000', '28.13950000'], ['0.06255000', '48.50320000'], ['0.06234000', '3.13550000']]","[['0.06259000', '36.50150000']]",1693386758319,0.06258,2.0000000000006124e-05,64.641
ETHBTC,"[['0.06234000', '6.13550000']]","[['0.06259000', '35.70150000'], ['0.06310000', '83.31280000']]",1693386759319,0.06246500000000001,0.00025000000000000716,41.837
ETHBTC,"[['0.06254000', '72.90480000'], ['0.06157000', '24.33570000']]",[],1693386760319,,,
ETHBTC,"[['0.06257000', '28.11310000'], ['0.06157000', '24.33400000']]","[['0.06258000', '82.57870000'], ['0.06262000', '19.96960000'], ['0.06263000', '45.43980000']]",1693386761319,0.06257499999999999,9.999999999996123e-06,110.6918
ETHBTC,"[['0.06257000', '31.22180000'], ['0.06256000', '41.50130000'], ['0.06254000', '73.67400000'], ['0.06253000', '34.85070000'], ['0.06238000', '5.53800000'], ['0.06157000', '24.33400000']]","[['0.06258000', '82.56540000'], ['0.06260000', '72.25010000'], ['0.06261000', '46.89760000'], ['0.06307000', '6.95310000']]",1693386762319,0.06257499999999999,9.999999999996123e-06,113.7872
ETHBTC,"[['0.06257000', '30.80490000'], ['0.06256000', '37.72030000'], ['0.06255000', '48.50320000'], ['0.06254000', '55.03700000'], ['0.06253000', '20.30560000'], ['0.06247000', '122.14950000'], ['0.06238000', '9.31900000'], ['0.06234000', '3.13550000'], ['0.06157000', '24.33570000']]","[['0.06258000', '82.39280000'], ['0.06259000', '35.35800000'], ['0.06260000', '72.59350000'], ['0.06310000', '82.31280000']]",1693386763319,0.06257499999999999,9.999999999996123e-06,113.1977
ETHBTC,"[['0.06252000', '22.25130000'], ['0.06250000', '82.05140000'], ['0.06242000', '8.26700000'], ['0.06157000', '24.33400000'], ['0.05631000', '0.87330000']]","[['0.06317000', '9.91880000']]",1693386764319,0.06284500000000001,0.0006499999999999978,32.1701
ETHBTC,"[['0.06243000', '3.64580000']]","[['0.06270000', '98.02120000']]",1693386766319,0.06256500000000001,0.00027000000000000635,101.66699999999999
ETHBTC,"[['0.06254000', '69.58210000'], ['0.06235000', '4.05520000'], ['0.06157000', '24.33400000']]","[['0.06258000', '82.18900000'], ['0.06259000', '34.35800000'], ['0.06260000', '38.31060000'], ['0.06261000', '81.18040000'], ['0.06297000', '5.29800000']]",1693386767319,0.06256,3.999999999999837e-05,151.7711
ETHBTC,[],"[['0.06307000', '6.45710000'], ['0.06308000', '4.38180000']]",1693386768319,,,
ETHBTC,"[['0.06243000', '56.74380000'], ['0.06157000', '24.33570000']]","[['0.06270000', '134.92320000']]",1693386769320,0.06256500000000001,0.00027000000000000635,191.667
ETHBTC,"[['0.06157000', '24.33400000']]","[['0.06259000', '34.35800000']]",1693386770320,0.06208,0.001020000000000007,58.69199999999999
ETHBTC,[],"[['0.06260000', '72.59340000'], ['0.06261000', '46.89760000']]",1693386771320,,,
ETHBTC,[],"[['0.06258000', '82.17660000']]",1693386772320,,,
ETHBTC,"[['0.06242000', '5.26700000'], ['0.06157000', '24.33400000']]","[['0.06298000', '5.94870000'], ['0.06317000', '8.91880000']]",1693386773320,0.0627,0.0005599999999999911,11.2157
ETHBTC,[],"[['0.06260000', '38.31060000'], ['0.06261000', '81.18040000'], ['0.06308000', '4.87780000'], ['0.06319000', '2.21290000']]",1693386774320,,,
ETHBTC,"[['0.06257000', '30.30490000'], ['0.06243000', '59.74380000']]",[],1693386775320,,,
ETHBTC,"[['0.06248000', '22.57890000'], ['0.06157000', '24.33570000'], ['0.06112000', '2.62420000']]","[['0.06258000', '81.17660000'], ['0.06259000', '35.35800000']]",1693386776320,0.06253,9.999999999999593e-05,103.7555
ETHBTC,"[['0.06255000', '79.48650000'], ['0.06254000', '41.24590000'], ['0.06249000', '10.68460000'], ['0.06157000', '24.33400000']]","[['0.06259000', '34.87870000']]",1693386777320,0.06257,4.000000000001225e-05,114.36520000000002
ETHBTC,"[['0.06256000', '41.76870000'], ['0.06255000', '75.43810000'], ['0.06243000', '6.64580000'], ['0.06235000', '4.05520000']]","[['0.06259000', '35.17540000'], ['0.06270000', '98.02120000'], ['0.06297000', '5.29800000']]",1693386778320,0.062575,3.0000000000002247e-05,76.9441
ETHBTC,"[['0.06256000', '41.78680000'], ['0.06255000', '44.43320000'], ['0.05631000', '0.87330000']]","[['0.06307000', '6.80430000']]",1693386779320,0.06281500000000001,0.0005099999999999966,48.5911
ETHBTC,"[['0.06254000', '72.50570000']]","[['0.06319000', '1.21290000']]",1693386780320,0.062865,0.0006499999999999978,73.71860000000001
ETHBTC,"[['0.06243000', '3.64580000']]",[],1693386781320,,,
ETHBTC,"[['0.06257000', '30.29890000'], ['0.06242000', '8.26700000']]","[['0.06258000', '82.17660000'], ['0.06259000', '34.17540000'], ['0.06260000', '72.59340000'], ['0.06261000', '46.89760000'], ['0.06318000', '5.01280000']]",1693386782320,0.06257499999999999,9.999999999996123e-06,112.4755
ETHBTC,"[['0.06256000', '37.73840000'], ['0.06255000', '48.48160000'], ['0.06243000', '56.74380000'], ['0.06157000', '24.33570000']]","[['0.06270000', '134.92320000'], ['0.06318000', '4.01280000']]",1693386783320,0.06263,0.00014000000000000123,172.66160000000002
ETHBTC,"[['0.06242000', '5.26700000'], ['0.06157000', '24.33570000']]",[],1693386784320,,,
ETHBTC,"[['0.06246000', '81.06920000'], ['0.06157000', '24.33400000']]","[['0.06258000', '81.17660000'], ['0.06259000', '35.17540000'], ['0.06322000', '9.67340000']]",1693386785320,0.06251999999999999,0.00011999999999999511,162.24579999999997
ETHBTC,"[['0.06112000', '2.66350000']]","[['0.06258000', '82.17660000'], ['0.06259000', '34.17540000']]",1693386786320,0.06185,0.001459999999999996,84.84009999999999
ETHBTC,"[['0.06235000', '4.05520000']]","[['0.06258000', '82.17410000'], ['0.06297000', '5.29800000'], ['0.06448000', '4.55510000']]",1693386788321,0.062465,0.0002299999999999941,86.2293
ETHBTC,"[['0.06257000', '30.29140000'], ['0.06157000', '24.33400000']]",[],1693386789321,,,
ETHBTC,"[['0.06243000', '3.64580000'], ['0.06157000', '24.33400000']]","[['0.06259000', '39.99850000'], ['0.06260000', '66.77050000'], ['0.06270000', '98.02120000']]",1693386790321,0.06251000000000001,0.00016000000000000736,43.6443
ETHBTC,"[['0.06255000', '48.01420000'], ['0.06246000', '78.06920000'], ['0.06157000', '24.33400000']]","[['0.06322000', '8.67340000']]",1693386791321,0.062885,0.0006700000000000039,56.6876
ETHBTC,"[['0.06257000', '30.75780000'], ['0.06247000', '125.14950000']]","[['0.06266000', '36.88550000'], ['0.06267000', '66.32260000'], ['0.06322000', '9.67340000']]",1693386792321,0.062615,8.999999999999286e-05,67.6433
ETHBTC,"[['0.06247000', '122.14950000'], ['0.06243000', '56.74380000'], ['0.06207000', '2.20190000']]","[['0.06270000', '134.92320000']]",1693386793321,0.062585,0.00023000000000000798,257.0727
ETHBTC,"[['0.06246000', '81.06920000'], ['0.06212000', '2.42910000'], ['0.06157000', '24.33400000'], ['0.05631000', '0.87330000']]","[['0.06321000', '6.46040000'], ['0.06322000', '8.67340000']]",1693386794321,0.062835,0.0007500000000000007,87.52959999999999
ETHBTC,"[['0.06157000', '24.33570000']]",[],1693386796321,,,
ETHBTC,"[['0.06157000', '24.33400000']]",[],1693386797321,,,
ETHBTC,"[['0.06257000', '30.29140000'], ['0.06235000', '4.05520000']]","[['0.06297000', '5.29800000']]",1693386798321,0.06276999999999999,0.0003999999999999976,35.5894
ETHBTC,[],"[['0.06258000', '82.15720000'], ['0.06308000', '4.38180000']]",1693386799321,,,
ETHBTC,"[['0.06257000', '30.70850000'], ['0.06256000', '41.78680000'], ['0.06255000', '43.96580000']]","[['0.06258000', '82.15720000'], ['0.06259000', '39.99850000']]",1693386800321,0.06257499999999999,9.999999999996123e-06,112.8657
ETHBTC,"[['0.06157000', '24.33570000']]","[['0.06258000', '82.11830000']]",1693386801321,0.062075,0.001009999999999997,106.45400000000001
ETHBTC,"[['0.06243000', '3.64580000'], ['0.06157000', '24.33400000']]","[['0.06270000', '98.02120000']]",1693386802321,0.06256500000000001,0.00027000000000000635,101.66699999999999
ETHBTC,"[['0.06117000', '51.97940000'], ['0.06113000', '2.68730000']]",[],1693386803321,,,
ETHBTC,"[['0.06257000', '30.36570000'], ['0.06255000', '46.26580000'], ['0.06252000', '28.84900000'], ['0.06250000', '84.65370000'], ['0.06248000', '27.17890000'], ['0.06246000', '64.96920000']]","[['0.06260000', '64.47050000'], ['0.06261000', '49.19760000'], ['0.06263000', '45.43980000'], ['0.06308000', '4.38180000']]",1693386804321,0.062585,3.0000000000002247e-05,94.8362
ETHBTC,"[['0.06257000', '30.28820000'], ['0.06256000', '43.38680000'], ['0.06255000', '44.66580000'], ['0.06243000', '56.74380000']]","[['0.06270000', '134.92320000']]",1693386805322,0.062635,0.0001300000000000051,165.2114
ETHBTC,"[['0.06257000', '30.30650000'], ['0.06157000', '24.33570000']]","[['0.06258000', '82.10460000']]",1693386806322,0.06257499999999999,9.999999999996123e-06,112.4111
ETHBTC,"[['0.06257000', '30.35100000'], ['0.06157000', '24.33400000']]","[['0.06258000', '82.08440000']]",1693386807322,0.06257499999999999,9.999999999996123e-06,112.4354
ETHBTC,"[['0.06257000', '30.28820000']]",[],1693386808322,,,
ETHBTC,"[['0.06257000', '30.28820000'], ['0.06235000', '4.05520000'], ['0.06157000', '24.33570000'], ['0.05631000', '0.87330000']]","[['0.06297000', '5.29800000'], ['0.06321000', '5.46040000']]",1693386809322,0.06276999999999999,0.0003999999999999976,35.5862
ETHBTC,"[['0.06246000', '61.96920000'], ['0.06245000', '7.71960000'], ['0.06157000', '24.33400000']]","[['0.06258000', '82.08150000'], ['0.06320000', '125.84480000']]",1693386810322,0.06251999999999999,0.00011999999999999511,144.0507
ETHBTC,"[['0.06257000', '30.70580000'], ['0.06250000', '82.16010000'], ['0.06247000', '124.39970000']]","[['0.06258000', '78.03310000'], ['0.06259000', '23.67870000'], ['0.06260000', '84.83870000'], ['0.06298000', '5.60110000'], ['0.06308000', '4.87780000']]",1693386811322,0.06257499999999999,9.999999999996123e-06,108.7389
ETHBTC,"[['0.06257000', '31.17610000']]",[],1693386812322,,,
ETHBTC,"[['0.06255000', '44.66580000'], ['0.06254000', '41.24590000'], ['0.06248000', '27.22390000'], ['0.06243000', '3.64580000'], ['0.06242000', '5.22200000']]","[['0.06258000', '78.02020000'], ['0.06259000', '23.67870000'], ['0.06270000', '98.02120000']]",1693386814322,0.062565,3.0000000000002247e-05,122.686
ETHBTC,"[['0.06255000', '78.08570000'], ['0.06245000', '4.71960000']]","[['0.06259000', '23.19940000'], ['0.06320000', '124.84480000'], ['0.06353000', '2.46790000']]",1693386815322,0.06257,4.000000000001225e-05,101.2851
ETHBTC,"[['0.06255000', '44.66580000'], ['0.06244000', '17.32850000']]","[['0.06258000', '78.00270000'], ['0.06259000', '23.67870000'], ['0.06320000', '125.84480000'], ['0.06353000', '2.46620000']]",1693386816322,0.062565,3.0000000000002247e-05,122.6685
ETHBTC,"[['0.06254000', '74.78900000'], ['0.06162000', '7.32700000']]","[['0.06258000', '77.98030000'], ['0.06259000', '23.19940000'], ['0.06308000', '5.22500000']]",1693386817322,0.06256,3.999999999999837e-05,152.7693
ETHBTC,"[['0.06243000', '56.74380000'], ['0.06162000', '7.32520000']]","[['0.06259000', '23.67870000'], ['0.06270000', '134.92320000'], ['0.06281000', '3.77020000'], ['0.06283000', '2.69580000']]",1693386818322,0.06251000000000001,0.00016000000000000736,80.4225
ETHBTC,"[['0.06257000', '31.22560000'], ['0.06235000', '4.05520000']]","[['0.06297000', '5.29800000']]",1693386819322,0.06276999999999999,0.0003999999999999976,36.5236
ETHBTC,"[['0.06256000', '49.21330000'], ['0.06255000', '38.83960000']]","[['0.06258000', '77.96920000'], ['0.06259000', '23.19940000'], ['0.06260000', '84.97140000']]",1693386820322,0.06257,1.9999999999992246e-05,127.1825
ETHBTC,"[['0.06257000', '50.10070000'], ['0.06256000', '32.86500000'], ['0.06255000', '37.83960000'], ['0.06244000', '14.32850000']]","[['0.06258000', '76.96190000'], ['0.06259000', '24.19940000'], ['0.06320000', '124.84480000']]",1693386821322,0.06257499999999999,9.999999999996123e-06,127.0626
