symbol,bids,asks,timestamp
ETHBTC,"[['0.06257000', '18.43330000'], ['0.06157000', '24.33740000']]",[],1693386199290
ETHBTC,"[['0.06254000', '44.28470000'], ['0.06157000', '24.33400000']]",[],1693386200290
ETHBTC,"[['0.06257000', '16.82940000'], ['0.05631000', '0.87330000']]",[],1693386201290
ETHBTC,"[['0.06257000', '16.51100000'], ['0.06250000', '96.23580000'], ['0.06241000', '12.81180000'], ['0.06157000', '24.33570000']]","[['0.06262000', '27.08450000'], ['0.06269000', '0.12740000']]",1693386202290
ETHBTC,"[['0.06253000', '45.44600000'], ['0.06157000', '24.33400000']]","[['0.06261000', '46.88580000'], ['0.06263000', '41.70660000'], ['0.06265000', '7.11770000']]",1693386203290
ETHBTC,"[['0.06193000', '5.38150000']]",[],1693386204290
ETHBTC,"[['0.06241000', '65.90980000'], ['0.06157000', '24.33570000']]","[['0.06258000', '96.50310000'], ['0.06259000', '81.84830000'], ['0.06269000', '37.02940000']]",1693386205290
ETHBTC,"[['0.06235000', '4.05520000'], ['0.06157000', '24.33570000']]","[['0.06297000', '5.29800000']]",1693386206291
ETHBTC,"[['0.06249000', '11.30980000'], ['0.06157000', '24.33400000']]",[],1693386207291
ETHBTC,[],"[['0.06262000', '27.06830000']]",1693386208291
ETHBTC,"[['0.06257000', '14.31150000']]",[],1693386209291
ETHBTC,"[['0.06248000', '22.59920000']]",[],1693386210291
ETHBTC,"[['0.06257000', '4.32380000'], ['0.06256000', '44.15190000'], ['0.06255000', '52.24350000'], ['0.06254000', '42.68200000'], ['0.06248000', '25.31330000'], ['0.06157000', '24.33400000']]",[],1693386211291
ETHBTC,"[['0.06256000', '49.97370000'], ['0.06254000', '36.85890000']]",[],1693386213291
ETHBTC,"[['0.06241000', '12.81180000'], ['0.06111000', '137.76180000']]","[['0.06269000', '0.12740000']]",1693386214291
ETHBTC,"[['0.06182000', '6.79300000'], ['0.06157000', '24.33400000']]",[],1693386215291
ETHBTC,"[['0.06235000', '4.05520000'], ['0.06006000', '2.20370000']]","[['0.06297000', '5.29800000']]",1693386216291
ETHBTC,"[['0.06241000', '65.90980000'], ['0.06007000', '3.24330000'], ['0.05631000', '0.87330000']]","[['0.06269000', '37.02940000']]",1693386217291
ETHBTC,"[['0.06255000', '46.42170000'], ['0.06254000', '42.68200000']]","[['0.06324000', '12.90890000']]",1693386218291
ETHBTC,"[['0.06257000', '7.52380000'], ['0.06256000', '46.85130000'], ['0.06157000', '24.33570000']]",[],1693386220291
ETHBTC,"[['0.06157000', '24.33400000']]",[],1693386221291
ETHBTC,"[['0.06112000', '2.69870000']]",[],1693386222291
ETHBTC,"[['0.06257000', '7.50990000'], ['0.06157000', '24.33740000']]",[],1693386224291
ETHBTC,"[['0.06257000', '13.14920000'], ['0.06256000', '41.33890000'], ['0.06157000', '24.33400000']]",[],1693386225291
ETHBTC,"[['0.06255000', '48.72170000'], ['0.06254000', '43.46550000'], ['0.06253000', '19.77570000'], ['0.06252000', '51.50520000'], ['0.06250000', '100.83580000'], ['0.06248000', '29.91330000'], ['0.06246000', '67.50960000'], ['0.06241000', '12.81180000'], ['0.06235000', '4.05520000']]","[['0.06258000', '88.66470000'], ['0.06259000', '57.24050000'], ['0.06269000', '0.12740000'], ['0.06297000', '5.29800000']]",1693386226291
ETHBTC,"[['0.06157000', '24.33570000']]",[],1693386227291
ETHBTC,"[['0.06238000', '5.53800000'], ['0.06157000', '24.33570000']]","[['0.06259000', '91.52400000'], ['0.06313000', '2.24920000']]",1693386228292
ETHBTC,"[['0.06241000', '65.90980000'], ['0.06238000', '8.53800000'], ['0.06157000', '24.33400000']]","[['0.06269000', '37.02940000'], ['0.06313000', '3.24920000']]",1693386229292
ETHBTC,"[['0.06253000', '44.39310000'], ['0.06252000', '26.92230000'], ['0.06112000', '2.73800000']]",[],1693386230292
ETHBTC,"[['0.06257000', '22.36540000'], ['0.06256000', '35.52800000']]","[['0.06259000', '57.24050000']]",1693386231292
ETHBTC,"[['0.05631000', '0.87330000']]","[['0.06259000', '91.52400000']]",1693386232292
ETHBTC,[],"[['0.06259000', '57.24050000'], ['0.06260000', '65.64750000']]",1693386235292
ETHBTC,"[['0.06235000', '4.05520000'], ['0.06171000', '9.72380000'], ['0.06162000', '7.25970000']]","[['0.06297000', '5.29800000']]",1693386236292
ETHBTC,"[['0.06249000', '10.95130000']]","[['0.06259000', '91.52400000'], ['0.06260000', '31.36400000']]",1693386237292
ETHBTC,"[['0.06241000', '12.81180000'], ['0.06237000', '4.98810000'], ['0.06157000', '24.33400000']]","[['0.06269000', '0.12740000']]",1693386238292
ETHBTC,"[['0.06250000', '101.19480000'], ['0.06237000', '4.98640000']]",[],1693386239292
ETHBTC,[],"[['0.06314000', '2.43220000']]",1693386240292
ETHBTC,"[['0.06257000', '22.35590000']]",[],1693386241292
ETHBTC,"[['0.06241000', '65.90980000'], ['0.06237000', '4.98640000']]","[['0.06269000', '37.02940000']]",1693386242292
ETHBTC,[],"[['0.06451000', '10.53170000']]",1693386243292
ETHBTC,"[['0.06256000', '35.98260000']]",[],1693386245292
ETHBTC,"[['0.06257000', '22.32990000']]","[['0.06259000', '57.24050000'], ['0.06260000', '65.64750000']]",1693386246292
ETHBTC,"[['0.06257000', '22.23660000'], ['0.06235000', '4.05520000'], ['0.05631000', '0.87330000']]","[['0.06263000', '38.42870000'], ['0.06297000', '5.29800000']]",1693386247292
ETHBTC,[],"[['0.06258000', '87.06680000'], ['0.06259000', '57.24050000'], ['0.06260000', '31.36400000'], ['0.06266000', '36.58470000'], ['0.06348000', '22.20270000'], ['0.06349000', '46.81200000'], ['0.06448000', '4.55510000']]",1693386248292
ETHBTC,"[['0.06255000', '49.72170000'], ['0.06254000', '42.46550000']]",[],1693386249292
ETHBTC,"[['0.06241000', '12.81180000'], ['0.06199000', '2.69490000']]","[['0.06260000', '65.64750000'], ['0.06269000', '0.12740000']]",1693386250293
ETHBTC,"[['0.06200000', '30.93410000']]","[['0.06278000', '3.13580000'], ['0.06279000', '1.17990000']]",1693386251293
ETHBTC,"[['0.06254000', '68.74520000'], ['0.06253000', '19.77570000']]",[],1693386252293
ETHBTC,"[['0.06241000', '65.90980000']]","[['0.06269000', '37.02940000']]",1693386253293
ETHBTC,[],"[['0.06259000', '91.52400000'], ['0.06260000', '31.36400000']]",1693386255293
ETHBTC,"[['0.06256000', '35.52800000'], ['0.06254000', '67.96170000'], ['0.06252000', '26.95420000'], ['0.06251000', '39.53870000'], ['0.06249000', '10.38490000'], ['0.06157000', '24.33570000']]","[['0.06258000', '77.16990000'], ['0.06259000', '94.56750000'], ['0.06260000', '31.42430000']]",1693386256293
ETHBTC,"[['0.06252000', '27.10420000'], ['0.06235000', '4.05520000'], ['0.06217000', '4.68530000'], ['0.06216000', '30.38050000'], ['0.06157000', '24.33400000']]","[['0.06259000', '94.71750000'], ['0.06297000', '5.29800000']]",1693386257293
ETHBTC,"[['0.06257000', '21.43660000'], ['0.06157000', '24.33400000']]","[['0.06258000', '79.58710000'], ['0.06259000', '91.07380000']]",1693386258293
ETHBTC,[],"[['0.06258000', '79.58530000']]",1693386260293
ETHBTC,"[['0.06254000', '67.96170000']]",[],1693386261293
ETHBTC,"[['0.06241000', '12.81180000'], ['0.06157000', '24.33570000'], ['0.05631000', '0.87330000']]","[['0.06258000', '82.66370000'], ['0.06259000', '87.79810000'], ['0.06269000', '0.12740000']]",1693386262293
ETHBTC,"[['0.06254000', '41.68200000'], ['0.06253000', '45.78170000'], ['0.06251000', '41.53640000'], ['0.06250000', '99.19710000'], ['0.06157000', '24.33400000']]","[['0.06260000', '31.42430000'], ['0.06262000', '27.06830000']]",1693386263293
ETHBTC,"[['0.06241000', '65.90980000']]","[['0.06269000', '37.02940000']]",1693386264293
ETHBTC,"[['0.06254000', '67.59720000'], ['0.06253000', '19.77570000']]",[],1693386265293
ETHBTC,"[['0.06256000', '37.12650000'], ['0.06235000', '4.05520000'], ['0.06157000', '24.33570000']]","[['0.06297000', '5.29800000']]",1693386267294
ETHBTC,"[['0.06157000', '24.33570000']]",[],1693386268294
ETHBTC,"[['0.06256000', '37.58850000'], ['0.06250000', '99.67500000'], ['0.06157000', '24.33400000']]","[['0.06260000', '31.85950000']]",1693386269294
ETHBTC,"[['0.06157000', '24.33570000'], ['0.06112000', '2.69870000']]",[],1693386271294
ETHBTC,"[['0.06157000', '24.33400000']]",[],1693386272294
ETHBTC,"[['0.06157000', '24.33570000']]",[],1693386273294
ETHBTC,"[['0.06241000', '12.81180000'], ['0.06157000', '24.33400000'], ['0.06112000', '2.73800000']]","[['0.06269000', '0.12740000']]",1693386274294
ETHBTC,"[['0.06254000', '41.68200000'], ['0.06253000', '46.20790000']]",[],1693386275294
ETHBTC,"[['0.06254000', '68.11420000'], ['0.06253000', '19.77570000'], ['0.06248000', '27.19920000']]",[],1693386276294
ETHBTC,"[['0.06249000', '12.64590000'], ['0.06241000', '65.90980000']]","[['0.06269000', '37.02940000'], ['0.06314000', '3.38070000']]",1693386277294
ETHBTC,"[['0.06254000', '41.68200000'], ['0.06253000', '46.45860000'], ['0.06235000', '4.05520000'], ['0.05631000', '0.87330000']]","[['0.06297000', '5.29800000']]",1693386278294
ETHBTC,"[['0.06257000', '21.90190000'], ['0.06255000', '49.26000000'], ['0.06254000', '68.36490000'], ['0.06253000', '19.77570000']]","[['0.06258000', '82.54750000']]",1693386279294
ETHBTC,"[['0.06257000', '21.43660000']]",[],1693386280294
ETHBTC,"[['0.06238000', '5.53800000']]",[],1693386282294
ETHBTC,"[['0.06237000', '7.98640000']]","[['0.06313000', '3.24920000']]",1693386283294
ETHBTC,"[['0.06157000', '24.33740000']]","[['0.06258000', '82.03590000']]",1693386284294
ETHBTC,"[['0.06254000', '41.68200000'], ['0.06253000', '46.48790000'], ['0.06157000', '24.33400000']]",[],1693386285295
ETHBTC,"[['0.06254000', '68.39420000'], ['0.06253000', '19.77570000'], ['0.06241000', '12.81180000'], ['0.06157000', '24.33740000']]","[['0.06269000', '0.12740000']]",1693386286295
ETHBTC,"[['0.06256000', '37.12650000'], ['0.06157000', '24.33400000']]",[],1693386287295
ETHBTC,"[['0.06237000', '4.98640000'], ['0.06235000', '4.05520000']]","[['0.06297000', '5.29800000'], ['0.06313000', '2.24920000']]",1693386288295
ETHBTC,"[['0.06255000', '49.73230000'], ['0.06241000', '65.90980000'], ['0.06238000', '8.53800000']]","[['0.06269000', '37.02940000'], ['0.06313000', '3.24920000']]",1693386289295
ETHBTC,"[['0.06254000', '68.97620000'], ['0.06253000', '19.19370000'], ['0.06250000', '99.31600000'], ['0.06157000', '24.33400000']]","[['0.06258000', '81.91990000'], ['0.06260000', '31.85950000']]",1693386290295
ETHBTC,"[['0.06249000', '13.00500000']]",[],1693386292295
ETHBTC,"[['0.06257000', '18.23660000'], ['0.06256000', '40.38560000'], ['0.06255000', '46.43230000'], ['0.06254000', '42.68200000'], ['0.06253000', '19.19370000'], ['0.06252000', '22.50420000'], ['0.06250000', '94.71600000'], ['0.06248000', '22.59920000'], ['0.06246000', '83.60960000'], ['0.06238000', '5.53800000'], ['0.05631000', '0.87330000']]","[['0.06258000', '83.51780000']]",1693386293295
ETHBTC,"[['0.06254000', '43.26400000'], ['0.06253000', '45.66120000'], ['0.06238000', '8.53800000'], ['0.06094000', '2.31570000']]","[['0.06313000', '3.24920000']]",1693386294295
ETHBTC,"[['0.06257000', '18.23150000'], ['0.06256000', '40.85730000'], ['0.06255000', '47.43230000'], ['0.06254000', '47.13650000'], ['0.06250000', '89.84530000']]",[],1693386297295
ETHBTC,"[['0.06241000', '12.81180000'], ['0.06235000', '4.05520000'], ['0.06157000', '24.33570000']]","[['0.06269000', '0.12740000'], ['0.06297000', '5.29800000']]",1693386298295
ETHBTC,"[['0.06162000', '7.25640000'], ['0.06157000', '24.33400000'], ['0.06152000', '26.38390000']]","[['0.06260000', '30.90080000'], ['0.06313000', '2.24920000']]",1693386299295
ETHBTC,"[['0.06238000', '8.53800000'], ['0.06157000', '24.33400000']]","[['0.06313000', '3.24920000']]",1693386300295
ETHBTC,"[['0.06157000', '24.33570000']]",[],1693386301295
ETHBTC,"[['0.06241000', '65.90980000'], ['0.06157000', '24.33400000']]","[['0.06258000', '82.51780000'], ['0.06259000', '87.79810000'], ['0.06269000', '37.02940000']]",1693386302295
ETHBTC,"[['0.06257000', '21.96980000'], ['0.06256000', '44.90570000'], ['0.06255000', '45.42570000'], ['0.06254000', '67.92660000'], ['0.06253000', '19.19370000'], ['0.06238000', '12.31900000']]",[],1693386303296
ETHBTC,"[['0.06111000', '1.37890000']]",[],1693386304296
ETHBTC,"[['0.06111000', '137.76180000']]",[],1693386305296
ETHBTC,"[['0.06257000', '18.23150000'], ['0.06254000', '41.31340000'], ['0.06253000', '47.38870000']]","[['0.06258000', '80.91990000']]",1693386307296
ETHBTC,"[['0.05631000', '0.87330000']]","[['0.06448000', '4.55510000']]",1693386308296
ETHBTC,"[['0.06255000', '45.44440000'], ['0.06254000', '41.29370000'], ['0.06253000', '48.01850000'], ['0.06241000', '12.81180000'], ['0.06238000', '12.31900000'], ['0.06235000', '4.05520000']]","[['0.06258000', '80.91990000'], ['0.06259000', '87.77790000'], ['0.06260000', '30.92220000'], ['0.06269000', '0.12740000'], ['0.06297000', '5.29800000'], ['0.06313000', '3.24920000']]",1693386310296
ETHBTC,"[['0.06247000', '133.42320000'], ['0.06201000', '45.96220000'], ['0.06157000', '24.33400000']]","[['0.06258000', '79.42940000'], ['0.06266000', '36.50480000'], ['0.06267000', '70.59240000']]",1693386311296
ETHBTC,"[['0.06257000', '18.08580000'], ['0.06254000', '42.07720000'], ['0.06201000', '45.97520000']]","[['0.06258000', '78.42940000'], ['0.06259000', '88.77790000']]",1693386312296
ETHBTC,"[['0.06256000', '44.43400000'], ['0.06248000', '22.67980000']]","[['0.06258000', '78.41370000']]",1693386313296
ETHBTC,"[['0.06257000', '21.08580000'], ['0.06256000', '41.17490000'], ['0.06254000', '42.07720000'], ['0.06253000', '48.28820000'], ['0.06241000', '65.90980000']]","[['0.06258000', '78.41370000'], ['0.06269000', '37.02940000'], ['0.06278000', '3.13260000'], ['0.06293000', '2.41190000']]",1693386314296
ETHBTC,"[['0.06254000', '42.84550000'], ['0.06253000', '47.51990000']]",[],1693386316296
ETHBTC,"[['0.06176000', '7.88530000']]",[],1693386317296
ETHBTC,[],"[['0.06258000', '78.06370000']]",1693386318296
ETHBTC,"[['0.06257000', '21.07800000'], ['0.06205000', '4.82900000'], ['0.06176000', '8.22470000']]",[],1693386319296
ETHBTC,"[['0.06235000', '4.05520000'], ['0.06206000', '6.89300000'], ['0.06157000', '24.33570000']]","[['0.06258000', '76.46580000'], ['0.06297000', '5.29800000']]",1693386321296
ETHBTC,"[['0.06255000', '45.61660000'], ['0.06254000', '42.84550000'], ['0.06241000', '12.81180000'], ['0.06157000', '24.33400000']]","[['0.06258000', '71.96580000'], ['0.06269000', '0.12740000']]",1693386322296
ETHBTC,"[['0.05631000', '0.87330000']]","[['0.06258000', '71.94990000']]",1693386323297
ETHBTC,"[['0.06157000', '24.33400000']]","[['0.06260000', '28.62220000'], ['0.06261000', '49.18580000']]",1693386324297
ETHBTC,"[['0.06241000', '65.90980000'], ['0.06157000', '24.33400000']]","[['0.06269000', '37.02940000']]",1693386325297
ETHBTC,"[['0.06257000', '18.07800000'], ['0.06256000', '44.18550000'], ['0.06255000', '45.61660000'], ['0.06238000', '12.31900000'], ['0.06112000', '2.69870000']]","[['0.06258000', '73.54780000'], ['0.06266000', '33.33370000']]",1693386326297
ETHBTC,"[['0.06256000', '44.64420000'], ['0.06251000', '44.03370000'], ['0.06250000', '87.34800000']]","[['0.06261000', '49.18580000'], ['0.06262000', '24.57100000'], ['0.06263000', '40.92600000'], ['0.06269000', '39.81940000']]",1693386327297
ETHBTC,[],"[['0.06258000', '73.54780000']]",1693386328297
ETHBTC,"[['0.06157000', '24.33570000'], ['0.06112000', '2.73800000']]",[],1693386329297
ETHBTC,"[['0.06157000', '24.33400000']]","[['0.06258000', '73.54780000']]",1693386330297
ETHBTC,"[['0.06235000', '4.05520000']]","[['0.06258000', '71.94990000'], ['0.06297000', '5.29800000']]",1693386331297
ETHBTC,[],"[['0.06258000', '73.54780000']]",1693386332297
ETHBTC,[],"[['0.06349000', '19.54010000'], ['0.06350000', '253.13240000']]",1693386333297
ETHBTC,"[['0.06241000', '12.81180000'], ['0.06157000', '24.33570000']]","[['0.06269000', '2.91740000']]",1693386334297
ETHBTC,"[['0.06257000', '21.14730000'], ['0.06256000', '41.63360000'], ['0.06157000', '24.33400000']]",[],1693386335297
ETHBTC,"[['0.06157000', '24.33570000']]","[['0.06258000', '73.54780000']]",1693386336297
ETHBTC,"[['0.06251000', '46.54980000'], ['0.06250000', '84.83190000'], ['0.06241000', '65.90980000'], ['0.06157000', '24.33400000']]","[['0.06262000', '22.05490000'], ['0.06263000', '43.44210000'], ['0.06269000', '39.81940000']]",1693386337297
ETHBTC,"[['0.05631000', '0.87330000']]","[['0.06261000', '49.18580000']]",1693386338297
ETHBTC,"[['0.06256000', '44.03360000'], ['0.06255000', '43.21660000']]",[],1693386340297
ETHBTC,"[['0.06256000', '58.57870000'], ['0.06254000', '28.30040000']]","[['0.06258000', '71.94990000']]",1693386341298
ETHBTC,"[['0.06235000', '4.05520000']]","[['0.06297000', '5.29800000']]",1693386342298
ETHBTC,"[['0.06256000', '44.03360000'], ['0.06255000', '57.76170000']]","[['0.06258000', '71.94990000']]",1693386343298
ETHBTC,"[['0.06257000', '18.07800000'], ['0.06256000', '42.63360000'], ['0.06253000', '18.42540000'], ['0.06252000', '52.93480000']]","[['0.06258000', '79.64570000'], ['0.06259000', '54.49440000'], ['0.06260000', '58.32460000'], ['0.06261000', '19.48340000']]",1693386344298
ETHBTC,"[['0.06256000', '45.83420000']]","[['0.06258000', '80.64570000'], ['0.06259000', '87.77700000']]",1693386345298
ETHBTC,"[['0.06256000', '45.37550000'], ['0.06255000', '57.58950000'], ['0.06254000', '27.51690000'], ['0.06253000', '48.88540000'], ['0.06252000', '22.50420000'], ['0.06241000', '12.81180000'], ['0.06157000', '24.33740000']]","[['0.06269000', '2.91740000']]",1693386346298
ETHBTC,"[['0.06157000', '24.33400000']]",[],1693386347298
ETHBTC,"[['0.06157000', '24.33570000']]",[],1693386348298
ETHBTC,"[['0.06253000', '18.42540000'], ['0.06252000', '53.05960000'], ['0.06157000', '24.33570000']]","[['0.06258000', '80.64570000']]",1693386349298
ETHBTC,"[['0.06243000', '56.74380000'], ['0.06157000', '24.33400000']]","[['0.06270000', '134.92320000']]",1693386350298
ETHBTC,"[['0.06253000', '49.01120000'], ['0.06252000', '22.50420000']]",[],1693386351298
ETHBTC,"[['0.06235000', '4.05520000'], ['0.06157000', '24.33400000']]","[['0.06297000', '5.29800000']]",1693386352298
ETHBTC,"[['0.06169000', '4.44030000'], ['0.06157000', '24.33400000']]",[],1693386353298
ETHBTC,"[['0.05631000', '0.87330000']]",[],1693386354298
ETHBTC,"[['0.06254000', '26.74860000'], ['0.06251000', '44.05250000']]","[['0.06261000', '18.58690000'], ['0.06263000', '40.94480000']]",1693386357298
ETHBTC,"[['0.06243000', '3.64580000']]","[['0.06270000', '98.02120000']]",1693386358298
ETHBTC,"[['0.06248000', '22.59920000']]","[['0.06267000', '70.51300000'], ['0.06269000', '0.12740000']]",1693386359298
ETHBTC,"[['0.06256000', '45.84880000'], ['0.06253000', '47.12810000'], ['0.06248000', '22.67960000']]","[['0.06267000', '72.85970000']]",1693386360299
ETHBTC,"[['0.06243000', '56.74380000']]","[['0.06270000', '134.92320000']]",1693386361299
ETHBTC,"[['0.06235000', '4.05520000'], ['0.06157000', '24.33570000'], ['0.06152000', '26.38060000'], ['0.06148000', '2.21190000']]","[['0.06297000', '5.29800000']]",1693386362299
ETHBTC,"[['0.06253000', '18.42540000'], ['0.06252000', '51.25400000'], ['0.06157000', '24.33400000']]","[['0.06266000', '33.41310000']]",1693386363299
ETHBTC,"[['0.06257000', '21.39860000'], ['0.06256000', '42.64820000'], ['0.06253000', '19.19460000'], ['0.06251000', '46.54980000'], ['0.06157000', '24.33400000']]","[['0.06261000', '19.48250000'], ['0.06262000', '24.55220000']]",1693386364299
ETHBTC,"[['0.06253000', '47.99160000'], ['0.06252000', '22.50420000']]",[],1693386365299
ETHBTC,"[['0.06253000', '19.19460000']]",[],1693386367299
ETHBTC,"[['0.06253000', '48.04530000'], ['0.06250000', '86.71600000'], ['0.06249000', '10.74400000'], ['0.06157000', '24.33570000']]","[['0.06348000', '22.27190000'], ['0.06349000', '19.47090000'], ['0.06448000', '4.55510000']]",1693386368299
ETHBTC,"[['0.06157000', '24.33400000'], ['0.05631000', '0.87330000']]",[],1693386369299
ETHBTC,"[['0.06257000', '18.07800000'], ['0.06256000', '38.12650000'], ['0.06255000', '45.05100000'], ['0.06254000', '46.53600000'], ['0.06253000', '19.77660000'], ['0.06248000', '22.57900000'], ['0.06243000', '3.64580000'], ['0.06238000', '8.53800000']]","[['0.06259000', '53.51610000'], ['0.06260000', '58.30320000'], ['0.06270000', '98.02120000']]",1693386370299
ETHBTC,"[['0.06256000', '41.12960000'], ['0.06253000', '48.49170000'], ['0.06201000', '45.96220000']]",[],1693386371299
ETHBTC,"[['0.06203000', '12.60620000']]",[],1693386372299
ETHBTC,"[['0.06255000', '44.05100000'], ['0.06254000', '47.53600000'], ['0.06235000', '4.05520000']]","[['0.06258000', '80.64570000'], ['0.06297000', '5.29800000']]",1693386373299
ETHBTC,"[['0.06256000', '38.15270000'], ['0.06255000', '44.03230000'], ['0.06254000', '46.93760000'], ['0.06253000', '53.36520000'], ['0.06243000', '56.74380000']]","[['0.06260000', '60.60320000'], ['0.06261000', '17.18250000'], ['0.06270000', '134.92320000']]",1693386374299
ETHBTC,[],"[['0.06258000', '80.64570000'], ['0.06314000', '2.43220000']]",1693386375299
ETHBTC,[],"[['0.06258000', '115.06380000'], ['0.06293000', '2.40870000']]",1693386377299
ETHBTC,[],"[['0.06280000', '5.77500000']]",1693386378300
ETHBTC,"[['0.06157000', '24.33400000'], ['0.06112000', '2.69870000']]",[],1693386381300
ETHBTC,"[['0.06243000', '3.64580000']]","[['0.06270000', '98.02120000']]",1693386382300
ETHBTC,"[['0.06254000', '46.74220000'], ['0.06252000', '22.33860000'], ['0.06250000', '86.54690000'], ['0.06247000', '133.25410000'], ['0.06235000', '4.05520000'], ['0.06157000', '24.33570000']]","[['0.06259000', '53.34070000'], ['0.06261000', '17.01120000'], ['0.06297000', '5.29800000']]",1693386383300
ETHBTC,"[['0.06157000', '24.33400000'], ['0.06112000', '2.73800000'], ['0.05631000', '0.87330000']]",[],1693386384300
ETHBTC,"[['0.06243000', '56.74380000']]","[['0.06270000', '134.92320000']]",1693386385300
ETHBTC,"[['0.06255000', '44.05080000'], ['0.06254000', '46.72110000'], ['0.06157000', '24.33570000']]","[['0.06258000', '80.64570000'], ['0.06259000', '87.60000000'], ['0.06260000', '60.62360000']]",1693386386300
ETHBTC,"[['0.06257000', '21.14590000'], ['0.06256000', '38.17360000'], ['0.06255000', '45.05080000'], ['0.06254000', '41.46810000'], ['0.06157000', '24.33400000']]","[['0.06258000', '80.63900000']]",1693386387300
ETHBTC,"[['0.06255000', '45.22330000']]",[],1693386389300
ETHBTC,[],"[['0.06258000', '79.62000000']]",1693386390300
ETHBTC,[],"[['0.06258000', '79.46280000']]",1693386391300
ETHBTC,"[['0.06255000', '51.04760000'], ['0.06254000', '35.64380000'], ['0.06250000', '84.66280000'], ['0.06247000', '135.03590000'], ['0.06157000', '24.33400000']]",[],1693386392300
ETHBTC,"[['0.06253000', '54.14870000'], ['0.06235000', '4.05520000'], ['0.06160000', '17.61690000'], ['0.06159000', '66.86570000'], ['0.06111000', '137.76180000']]","[['0.06297000', '5.29800000'], ['0.06369000', '29.53130000'], ['0.06450000', '59.47380000']]",1693386393300
ETHBTC,"[['0.06243000', '3.64580000'], ['0.06237000', '4.98640000']]","[['0.06270000', '98.02120000']]",1693386394300
ETHBTC,[],"[['0.06258000', '79.45820000']]",1693386395300
ETHBTC,"[['0.06244000', '4.32850000'], ['0.06157000', '24.33400000']]","[['0.06273000', '97.37760000'], ['0.06314000', '3.38070000']]",1693386397301
ETHBTC,"[['0.06251000', '46.54980000'], ['0.06243000', '56.74380000'], ['0.06157000', '24.33400000']]","[['0.06260000', '60.62360000'], ['0.06262000', '24.55220000'], ['0.06270000', '134.92320000']]",1693386398301
ETHBTC,"[['0.05631000', '0.87330000']]",[],1693386399301
ETHBTC,"[['0.06157000', '24.33400000']]",[],1693386401301
ETHBTC,"[['0.06254000', '62.47660000'], ['0.06253000', '25.43360000'], ['0.06247000', '133.25410000'], ['0.06244000', '14.32850000']]","[['0.06258000', '77.73020000'], ['0.06272000', '15.03880000']]",1693386402301
ETHBTC,"[['0.06244000', '16.06250000'], ['0.06228000', '5.06820000']]",[],1693386403301
ETHBTC,"[['0.06235000', '4.05520000']]","[['0.06297000', '5.29800000']]",1693386404301
ETHBTC,"[['0.06243000', '3.64580000']]","[['0.06270000', '98.02120000']]",1693386406301
ETHBTC,"[['0.06257000', '21.17910000'], ['0.06237000', '4.98640000']]","[['0.06258000', '74.65180000'], ['0.06259000', '90.68290000']]",1693386408301
ETHBTC,"[['0.06157000', '24.33570000']]","[['0.06258000', '77.73470000'], ['0.06259000', '87.60000000']]",1693386409301
ETHBTC,"[['0.06243000', '56.74380000'], ['0.06157000', '24.33400000']]","[['0.06270000', '134.92320000']]",1693386410301
ETHBTC,"[['0.06256000', '42.22200000'], ['0.06255000', '46.99920000'], ['0.06157000', '24.33740000']]","[['0.06258000', '68.55390000'], ['0.06259000', '69.12410000'], ['0.06260000', '94.91090000']]",1693386411301
ETHBTC,"[['0.06157000', '24.33400000']]","[['0.06259000', '103.41140000'], ['0.06260000', '60.62360000']]",1693386412301
ETHBTC,[],"[['0.06258000', '70.15180000']]",1693386413301
ETHBTC,"[['0.06254000', '35.64380000'], ['0.06235000', '4.05520000'], ['0.05631000', '0.87330000']]","[['0.06297000', '5.29800000']]",1693386414301
ETHBTC,"[['0.06254000', '62.92300000']]","[['0.06258000', '70.22660000']]",1693386415302
ETHBTC,"[['0.06255000', '45.99920000'], ['0.06254000', '63.92300000']]","[['0.06258000', '70.22660000'], ['0.06259000', '69.12410000'], ['0.06260000', '60.04160000'], ['0.06262000', '25.13420000']]",1693386416302
ETHBTC,"[['0.06256000', '38.17360000'], ['0.06255000', '39.42330000'], ['0.06254000', '69.74700000'], ['0.06157000', '24.33570000']]","[['0.06259000', '103.41130000']]",1693386417302
ETHBTC,"[['0.06243000', '3.64580000'], ['0.06157000', '24.33400000']]","[['0.06270000', '98.02120000']]",1693386418302
ETHBTC,"[['0.06254000', '42.46780000']]",[],1693386419302
ETHBTC,"[['0.06254000', '70.37770000']]","[['0.06259000', '69.12410000'], ['0.06265000', '9.03910000'], ['0.06267000', '70.51300000']]",1693386420302
ETHBTC,"[['0.06157000', '24.33570000']]","[['0.06259000', '69.14310000'], ['0.06260000', '60.02120000']]",1693386421302
ETHBTC,"[['0.06255000', '45.24740000'], ['0.06254000', '36.64380000'], ['0.06253000', '53.16040000'], ['0.06157000', '24.33400000']]",[],1693386422302
ETHBTC,"[['0.06256000', '38.17360000'], ['0.06255000', '41.02650000'], ['0.06007000', '2.76810000']]",[],1693386423302
ETHBTC,"[['0.06255000', '46.07490000'], ['0.06254000', '35.64380000'], ['0.06243000', '56.74380000']]","[['0.06259000', '103.43030000'], ['0.06270000', '134.92320000']]",1693386424302
ETHBTC,"[['0.06255000', '45.07490000'], ['0.06254000', '36.64380000'], ['0.06235000', '4.05520000'], ['0.06157000', '24.33400000'], ['0.06148000', '2.20860000'], ['0.06142000', '6.26990000'], ['0.06007000', '3.24330000']]","[['0.06297000', '5.29800000']]",1693386425302
ETHBTC,"[['0.06256000', '38.63840000'], ['0.06238000', '5.53800000']]","[['0.06258000', '70.21070000'], ['0.06313000', '2.24920000']]",1693386426302
ETHBTC,"[['0.06254000', '36.64380000'], ['0.06253000', '25.43360000'], ['0.06238000', '8.53800000']]","[['0.06313000', '3.24920000']]",1693386427302
ETHBTC,"[['0.06157000', '24.33400000']]","[['0.06448000', '4.55510000']]",1693386428302
ETHBTC,"[['0.05631000', '0.87330000']]","[['0.06258000', '73.33090000'], ['0.06259000', '100.16830000'], ['0.06265000', '7.11770000'], ['0.06268000', '5.22850000']]",1693386429302
ETHBTC,"[['0.06254000', '36.64380000'], ['0.06243000', '3.64580000']]","[['0.06259000', '112.96830000'], ['0.06260000', '47.22120000'], ['0.06270000', '98.02120000'], ['0.06391000', '31.22520000']]",1693386430302
ETHBTC,"[['0.06252000', '22.18860000'], ['0.06200000', '30.92110000']]","[['0.06258000', '73.30960000'], ['0.06259000', '112.81830000']]",1693386431302
ETHBTC,"[['0.06255000', '46.07490000'], ['0.06254000', '62.65860000'], ['0.06238000', '5.53800000'], ['0.06235000', '4.05520000'], ['0.06208000', '2.93770000']]","[['0.06258000', '73.28680000'], ['0.06313000', '2.24920000']]",1693386432302
ETHBTC,"[['0.06243000', '56.74380000'], ['0.06238000', '8.53800000']]","[['0.06258000', '73.24180000'], ['0.06259000', '106.41830000'], ['0.06260000', '47.22120000'], ['0.06270000', '134.92320000'], ['0.06313000', '3.24920000']]",1693386433302
ETHBTC,"[['0.06254000', '35.64380000'], ['0.06253000', '52.45380000'], ['0.06112000', '2.69870000']]","[['0.06258000', '73.24000000']]",1693386434303
ETHBTC,"[['0.06256000', '38.17360000'], ['0.06255000', '45.07490000'], ['0.06254000', '36.64380000'], ['0.06235000', '4.05520000'], ['0.06157000', '24.33400000']]","[['0.06258000', '73.22920000'], ['0.06297000', '5.29800000']]",1693386435302
ETHBTC,"[['0.06254000', '63.69340000'], ['0.06253000', '25.43360000']]",[],1693386436302
ETHBTC,"[['0.06255000', '45.24920000'], ['0.06254000', '36.64380000']]",[],1693386437303
ETHBTC,[],"[['0.06281000', '3.77020000']]",1693386438303
ETHBTC,"[['0.06255000', '39.42510000'], ['0.06254000', '69.45480000'], ['0.06238000', '5.53800000'], ['0.06112000', '2.73800000']]","[['0.06258000', '73.17220000'], ['0.06267000', '75.66030000'], ['0.06268000', '3.33470000']]",1693386439303
ETHBTC,"[['0.06238000', '8.53800000']]","[['0.06280000', '5.77500000'], ['0.06313000', '3.24920000']]",1693386440303
ETHBTC,"[['0.06254000', '42.46830000']]",[],1693386441303
ETHBTC,"[['0.06255000', '40.42510000'], ['0.06254000', '68.39180000'], ['0.06243000', '3.64580000']]","[['0.06270000', '98.02120000']]",1693386442303
ETHBTC,"[['0.06255000', '46.24950000'], ['0.06254000', '35.64380000']]",[],1693386443303
ETHBTC,"[['0.06254000', '62.54620000'], ['0.06252000', '22.33860000'], ['0.05631000', '0.87330000']]","[['0.06259000', '106.56830000']]",1693386444303
ETHBTC,"[['0.06254000', '35.64380000']]",[],1693386445303
ETHBTC,"[['0.06254000', '62.49160000'], ['0.06243000', '56.74380000'], ['0.06238000', '5.53800000'], ['0.06235000', '4.05520000'], ['0.06157000', '24.33570000']]","[['0.06270000', '134.92320000'], ['0.06297000', '5.29800000']]",1693386446303
ETHBTC,"[['0.06254000', '35.64380000'], ['0.06238000', '8.53800000'], ['0.06157000', '24.33570000']]","[['0.06313000', '3.24920000']]",1693386447303
ETHBTC,"[['0.06157000', '24.33400000']]",[],1693386448303
ETHBTC,"[['0.06256000', '38.63450000'], ['0.06254000', '62.49160000'], ['0.06157000', '24.33570000']]",[],1693386449303
ETHBTC,"[['0.06238000', '5.53800000'], ['0.06157000', '24.33400000']]","[['0.06313000', '2.24920000']]",1693386450303
ETHBTC,"[['0.06254000', '35.64380000'], ['0.06238000', '8.53800000']]","[['0.06313000', '3.24920000']]",1693386451303
ETHBTC,"[['0.06256000', '38.17360000'], ['0.06255000', '39.42510000'], ['0.06254000', '42.46810000'], ['0.06253000', '52.31470000']]","[['0.06267000', '70.51300000']]",1693386452303
ETHBTC,[],"[['0.06264000', '51.13550000']]",1693386453303
ETHBTC,"[['0.06254000', '42.46810000'], ['0.06253000', '25.43360000'], ['0.06243000', '3.64580000'], ['0.06237000', '4.98640000']]","[['0.06258000', '72.63770000'], ['0.06270000', '98.02120000']]",1693386454303
ETHBTC,"[['0.06254000', '69.37420000']]",[],1693386455303
ETHBTC,"[['0.06254000', '42.46810000'], ['0.06235000', '4.05520000']]","[['0.06262000', '25.13420000'], ['0.06297000', '5.29800000']]",1693386456303
ETHBTC,"[['0.06254000', '42.46810000'], ['0.06160000', '17.54810000'], ['0.06159000', '66.93450000']]","[['0.06259000', '103.36830000']]",1693386458303
ETHBTC,"[['0.06157000', '24.33570000']]",[],1693386459304
ETHBTC,"[['0.06157000', '24.33400000'], ['0.05631000', '0.87330000']]",[],1693386460304
ETHBTC,"[['0.06243000', '56.74380000'], ['0.06157000', '24.33570000']]","[['0.06270000', '134.92320000']]",1693386461304
ETHBTC,"[['0.06255000', '46.24940000'], ['0.06254000', '36.41300000'], ['0.06253000', '24.66440000'], ['0.06251000', '46.54980000'], ['0.06157000', '24.33400000']]","[['0.06261000', '17.01120000']]",1693386462304
ETHBTC,"[['0.06257000', '18.07800000'], ['0.06256000', '41.37840000'], ['0.06254000', '63.26080000'], ['0.06157000', '24.33400000']]",[],1693386463304
ETHBTC,"[['0.06254000', '36.41300000']]",[],1693386464304
ETHBTC,"[['0.06254000', '63.18320000']]",[],1693386465304
ETHBTC,"[['0.06243000', '3.64580000']]","[['0.06270000', '98.02120000']]",1693386466304
ETHBTC,"[['0.06235000', '4.05520000']]","[['0.06297000', '5.29800000']]",1693386467304
ETHBTC,[],"[['0.06258000', '72.51540000']]",1693386469304
ETHBTC,"[['0.06254000', '36.41300000'], ['0.06253000', '24.66440000']]","[['0.06258000', '74.11330000']]",1693386470304
ETHBTC,"[['0.06252000', '22.30670000'], ['0.06250000', '84.06280000'], ['0.06243000', '56.74380000'], ['0.06157000', '24.33570000']]","[['0.06258000', '74.08140000'], ['0.06259000', '103.36830000'], ['0.06260000', '46.62120000'], ['0.06270000', '134.92320000']]",1693386471304
ETHBTC,"[['0.06253000', '51.46270000'], ['0.06251000', '46.54980000'], ['0.06157000', '24.33570000']]","[['0.06262000', '27.65030000'], ['0.06263000', '38.42870000']]",1693386472304
ETHBTC,"[['0.06257000', '15.37670000'], ['0.06253000', '50.67920000'], ['0.06182000', '6.90620000'], ['0.06157000', '24.33570000']]","[['0.06258000', '81.85800000'], ['0.06261000', '17.01120000'], ['0.06333000', '3.34320000']]",1693386473304
ETHBTC,"[['0.06257000', '15.96620000'], ['0.06157000', '24.33400000']]","[['0.06258000', '86.35800000'], ['0.06267000', '66.24340000']]",1693386474304
ETHBTC,"[['0.06131000', '1.97110000'], ['0.05631000', '0.87330000']]",[],1693386475304
ETHBTC,"[['0.06256000', '41.85410000'], ['0.06094000', '2.29190000']]",[],1693386476304
ETHBTC,"[['0.06235000', '4.05520000'], ['0.06132000', '6.71190000']]","[['0.06297000', '5.29800000']]",1693386477304
ETHBTC,"[['0.06243000', '3.64580000'], ['0.06182000', '6.91580000'], ['0.03710000', '0.14150000']]","[['0.06270000', '98.02120000']]",1693386478305
ETHBTC,"[['0.06257000', '15.96060000'], ['0.06250000', '84.66280000'], ['0.05837000', '4.50850000']]","[['0.06260000', '47.22120000']]",1693386479305
ETHBTC,"[['0.06252000', '22.33860000'], ['0.06157000', '24.33570000']]","[['0.06258000', '86.38990000']]",1693386480305
ETHBTC,"[['0.06256000', '45.90250000'], ['0.06255000', '42.20100000'], ['0.06157000', '24.33400000']]",[],1693386481305
ETHBTC,"[['0.06243000', '56.74380000']]","[['0.06270000', '134.92320000']]",1693386482305
ETHBTC,"[['0.06256000', '41.85410000'], ['0.06255000', '46.24940000'], ['0.06111000', '137.76180000'], ['0.06094000', '2.31570000']]",[],1693386483305
ETHBTC,"[['0.06256000', '41.85410000'], ['0.06255000', '42.20100000'], ['0.06112000', '2.69870000']]",[],1693386486305
ETHBTC,"[['0.06257000', '19.26400000'], ['0.06256000', '38.17360000'], ['0.06255000', '46.24940000'], ['0.06254000', '62.85870000'], ['0.06253000', '24.66440000'], ['0.06251000', '44.55210000'], ['0.06235000', '4.05520000'], ['0.06157000', '24.33570000']]","[['0.06258000', '84.62420000'], ['0.06260000', '46.48760000'], ['0.06262000', '25.65260000'], ['0.06297000', '5.29800000']]",1693386487305
ETHBTC,"[['0.06157000', '24.33400000'], ['0.06142000', '6.26660000'], ['0.06136000', '9.26400000'], ['0.06001000', '1.22230000']]","[['0.06314000', '2.43220000'], ['0.06346000', '7.14770000'], ['0.06348000', '22.20270000'], ['0.06448000', '4.55510000']]",1693386488305
ETHBTC,"[['0.05601000', '0.47130000'], ['0.04341000', '0.00360000']]",[],1693386489305
ETHBTC,"[['0.06243000', '3.64580000'], ['0.05631000', '0.87330000']]","[['0.06270000', '98.02120000']]",1693386490305
ETHBTC,"[['0.06201000', '45.94920000'], ['0.06194000', '0.81590000'], ['0.06157000', '24.33570000']]",[],1693386491305
ETHBTC,"[['0.06207000', '2.21490000'], ['0.06157000', '24.33400000'], ['0.06112000', '2.73800000']]",[],1693386492305
ETHBTC,"[['0.06254000', '36.41300000'], ['0.06253000', '50.74990000'], ['0.06194000', '0.83600000']]","[['0.06261000', '19.06030000'], ['0.06264000', '47.37150000']]",1693386493305
ETHBTC,"[['0.06254000', '62.44480000'], ['0.06253000', '24.66440000'], ['0.06243000', '56.74380000']]","[['0.06270000', '134.92320000']]",1693386494305
ETHBTC,"[['0.06254000', '36.41300000']]","[['0.06259000', '69.08110000']]",1693386495305
ETHBTC,"[['0.06254000', '62.41070000'], ['0.06251000', '46.54980000']]","[['0.06258000', '80.12420000'], ['0.06261000', '19.79270000'], ['0.06263000', '40.42640000'], ['0.06266000', '34.41310000']]",1693386496306
ETHBTC,"[['0.06235000', '4.05520000']]","[['0.06297000', '5.29800000']]",1693386498306
ETHBTC,"[['0.06254000', '62.39450000']]",[],1693386499306
ETHBTC,"[['0.06257000', '15.74080000'], ['0.06254000', '36.41300000']]","[['0.06258000', '78.52630000'], ['0.06259000', '69.06210000'], ['0.06260000', '46.50900000']]",1693386500306
ETHBTC,"[['0.06157000', '24.33400000']]","[['0.06262000', '23.15530000'], ['0.06263000', '42.92370000']]",1693386501306
ETHBTC,"[['0.06254000', '62.04390000'], ['0.06243000', '3.64580000']]","[['0.06270000', '98.02120000']]",1693386502306
ETHBTC,"[['0.06256000', '38.17360000'], ['0.06255000', '46.24940000']]","[['0.06280000', '5.77500000']]",1693386503306
ETHBTC,"[['0.06256000', '39.17360000'], ['0.06255000', '45.24940000']]","[['0.06258000', '78.50560000'], ['0.06259000', '103.34930000'], ['0.06260000', '44.20900000'], ['0.06261000', '22.09270000']]",1693386504306
ETHBTC,"[['0.06256000', '39.63180000']]","[['0.06258000', '79.70940000']]",1693386505306
ETHBTC,"[['0.06243000', '56.74380000'], ['0.05631000', '0.87330000']]","[['0.06270000', '134.92320000']]",1693386506306
ETHBTC,"[['0.06257000', '15.61010000'], ['0.06235000', '4.05520000']]","[['0.06297000', '5.29800000']]",1693386508306
ETHBTC,"[['0.06157000', '24.33570000']]",[],1693386509306
ETHBTC,"[['0.06256000', '39.63180000'], ['0.06255000', '41.20100000'], ['0.06254000', '36.41300000'], ['0.06253000', '49.48270000'], ['0.06248000', '22.49860000'], ['0.06157000', '24.33400000'], ['0.05424000', '1.05980000']]","[['0.06266000', '34.33370000']]",1693386510306
ETHBTC,"[['0.06157000', '24.33570000']]",[],1693386511306
ETHBTC,"[['0.06254000', '36.41300000'], ['0.06253000', '24.66440000'], ['0.06157000', '24.33570000']]","[['0.06267000', '66.32260000']]",1693386512306
ETHBTC,"[['0.06157000', '24.33400000']]",[],1693386513306
ETHBTC,"[['0.06257000', '15.60360000'], ['0.06255000', '45.24940000'], ['0.06254000', '37.19650000'], ['0.06253000', '23.88090000'], ['0.06248000', '22.57890000'], ['0.06243000', '3.64580000'], ['0.06157000', '24.33400000']]","[['0.06270000', '98.02120000']]",1693386514306
ETHBTC,"[['0.06254000', '62.19650000'], ['0.06157000', '24.33400000']]",[],1693386516307
ETHBTC,"[['0.06243000', '56.74380000']]","[['0.06270000', '134.92320000']]",1693386517307
ETHBTC,"[['0.06235000', '4.05520000'], ['0.06192000', '24.46530000']]","[['0.06297000', '5.29800000']]",1693386519307
ETHBTC,"[['0.06256000', '43.68020000'], ['0.06255000', '41.20100000'], ['0.06199000', '2.79150000'], ['0.05631000', '0.87330000']]","[['0.06259000', '103.34670000']]",1693386521307
ETHBTC,"[['0.06176000', '7.88530000'], ['0.06157000', '24.33400000']]",[],1693386522307
ETHBTC,"[['0.06157000', '24.33570000']]",[],1693386523307
ETHBTC,"[['0.06257000', '15.57510000'], ['0.06254000', '62.62150000'], ['0.06253000', '23.88090000'], ['0.06176000', '8.22470000'], ['0.06157000', '24.33400000']]",[],1693386524307
ETHBTC,"[['0.06255000', '40.72870000'], ['0.06249000', '10.38490000']]",[],1693386525307
ETHBTC,"[['0.06257000', '16.03040000'], ['0.06248000', '22.94460000'], ['0.06243000', '3.64580000'], ['0.06157000', '24.33400000']]","[['0.06270000', '98.02120000']]",1693386526307
ETHBTC,"[['0.06257000', '15.57510000'], ['0.06157000', '24.33570000']]",[],1693386527307
ETHBTC,"[['0.06157000', '24.33400000']]",[],1693386528307
ETHBTC,"[['0.06243000', '56.74380000'], ['0.06235000', '4.05520000']]","[['0.06270000', '134.92320000'], ['0.06297000', '5.29800000']]",1693386529307
ETHBTC,"[['0.06257000', '12.27170000'], ['0.06256000', '38.63180000'], ['0.06255000', '45.77710000']]","[['0.06258000', '76.58920000']]",1693386533307
ETHBTC,"[['0.06157000', '24.33400000']]",[],1693386534307
ETHBTC,"[['0.06257000', '15.44210000'], ['0.06157000', '24.33570000'], ['0.05631000', '0.87330000']]","[['0.06258000', '79.83610000']]",1693386536308
ETHBTC,"[['0.06157000', '24.33570000']]",[],1693386537308
ETHBTC,"[['0.06243000', '3.64580000'], ['0.06157000', '24.33400000']]","[['0.06270000', '98.02120000']]",1693386538308
ETHBTC,"[['0.06235000', '4.05520000']]","[['0.06297000', '5.29800000']]",1693386539308
ETHBTC,"[['0.06157000', '24.33570000']]",[],1693386540308
ETHBTC,"[['0.06257000', '15.91710000'], ['0.06243000', '56.74380000'], ['0.06157000', '24.33400000'], ['0.06112000', '2.69870000']]","[['0.06270000', '134.92320000']]",1693386541308
ETHBTC,[],"[['0.06261000', '20.04360000']]",1693386542308
ETHBTC,"[['0.06257000', '21.63400000'], ['0.06256000', '39.63180000'], ['0.06255000', '44.77710000'], ['0.06157000', '24.33400000']]","[['0.06265000', '9.80210000']]",1693386543308
ETHBTC,"[['0.06254000', '37.19650000'], ['0.06253000', '49.21660000'], ['0.06248000', '25.22530000'], ['0.06244000', '14.32850000']]",[],1693386546308
ETHBTC,[],"[['0.06346000', '7.07850000'], ['0.06347000', '0.99690000'], ['0.06448000', '4.55510000']]",1693386548308
ETHBTC,"[['0.06257000', '27.45690000'], ['0.06255000', '38.95280000'], ['0.06254000', '63.21150000'], ['0.06253000', '23.88090000'], ['0.06238000', '8.53800000'], ['0.06157000', '24.33570000']]",[],1693386549308
ETHBTC,"[['0.06243000', '3.64580000'], ['0.06235000', '4.05520000'], ['0.06157000', '24.33400000']]","[['0.06270000', '98.02120000'], ['0.06297000', '5.29800000']]",1693386550308
ETHBTC,"[['0.06254000', '37.19650000'], ['0.06253000', '51.39870000'], ['0.06248000', '25.14500000'], ['0.06136000', '9.26070000'], ['0.06112000', '2.73800000'], ['0.05631000', '0.87330000']]","[['0.06267000', '66.24340000']]",1693386551308
ETHBTC,"[['0.06254000', '65.05890000'], ['0.06253000', '23.88090000'], ['0.06203000', '12.59320000'], ['0.06129000', '8.09600000']]",[],1693386552308
ETHBTC,"[['0.06248000', '25.22340000'], ['0.06207000', '2.22790000'], ['0.06157000', '24.33570000']]","[['0.06258000', '79.36900000'], ['0.06267000', '66.32080000']]",1693386553308
ETHBTC,"[['0.06243000', '56.74380000'], ['0.06157000', '24.33400000']]","[['0.06270000', '134.92320000']]",1693386554308
ETHBTC,"[['0.06256000', '43.68020000'], ['0.06255000', '34.90440000']]",[],1693386557309
ETHBTC,"[['0.06254000', '37.19650000'], ['0.06253000', '54.00580000']]",[],1693386558309
ETHBTC,"[['0.06254000', '67.94650000'], ['0.06253000', '23.88090000']]",[],1693386559309
ETHBTC,"[['0.06254000', '68.52850000'], ['0.06253000', '23.29890000'], ['0.06235000', '4.05520000']]","[['0.06261000', '20.62560000'], ['0.06262000', '22.57330000'], ['0.06297000', '5.29800000']]",1693386560309
ETHBTC,"[['0.06243000', '3.64580000']]","[['0.06270000', '98.02120000']]",1693386562309
ETHBTC,"[['0.06228000', '5.06810000']]",[],1693386563309
ETHBTC,"[['0.06243000', '56.74380000']]","[['0.06270000', '134.92320000']]",1693386565309
ETHBTC,"[['0.05631000', '0.87330000']]","[['0.06280000', '5.77500000']]",1693386566309
ETHBTC,[],"[['0.06258000', '78.36900000'], ['0.06259000', '104.34670000']]",1693386567309
ETHBTC,"[['0.06256000', '39.91200000'], ['0.06255000', '33.98860000'], ['0.06157000', '24.33570000']]",[],1693386568309
ETHBTC,"[['0.06256000', '39.63180000'], ['0.06157000', '24.33400000']]",[],1693386569309
ETHBTC,"[['0.06256000', '43.68020000'], ['0.06255000', '33.98860000'], ['0.06238000', '5.53800000']]","[['0.06313000', '2.24920000']]",1693386570309
ETHBTC,"[['0.06254000', '36.99500000'], ['0.06253000', '55.01130000'], ['0.06251000', '44.03370000'], ['0.06238000', '8.53800000'], ['0.06235000', '4.05520000']]","[['0.06261000', '19.73180000'], ['0.06262000', '20.05720000'], ['0.06297000', '5.29800000'], ['0.06313000', '3.24920000']]",1693386571309
ETHBTC,"[['0.06254000', '68.70740000'], ['0.06253000', '23.29890000']]",[],1693386572309
ETHBTC,"[['0.06157000', '24.33400000'], ['0.06111000', '1.37890000']]","[['0.06450000', '32.20010000'], ['0.06451000', '37.80540000']]",1693386573309
ETHBTC,"[['0.06243000', '3.64580000'], ['0.06157000', '24.33570000'], ['0.06111000', '137.76180000']]","[['0.06270000', '98.02120000']]",1693386574309
ETHBTC,"[['0.06157000', '24.33400000']]",[],1693386575310
ETHBTC,"[['0.06256000', '42.68020000'], ['0.06255000', '34.98860000']]",[],1693386576310
ETHBTC,"[['0.06254000', '36.99500000'], ['0.06253000', '54.96600000'], ['0.06243000', '56.74380000']]","[['0.06270000', '134.92320000']]",1693386577310
ETHBTC,"[['0.06167000', '0.93620000'], ['0.06000000', '685.86830000'], ['0.05833000', '0.82250000']]","[['0.06667000', '2.85090000'], ['0.06833000', '29.00890000']]",1693386578310
ETHBTC,"[['0.06254000', '68.74470000'], ['0.06253000', '23.29890000'], ['0.06157000', '24.33570000']]","[['0.06500000', '402.42320000']]",1693386579310
ETHBTC,"[['0.06167000', '0.93370000'], ['0.06157000', '24.33400000'], ['0.06000000', '685.86580000'], ['0.05833000', '0.82000000']]","[['0.06500000', '402.42070000'], ['0.06667000', '2.84840000'], ['0.06833000', '29.00640000']]",1693386580310
ETHBTC,"[['0.06256000', '37.85840000'], ['0.06255000', '39.81290000'], ['0.06254000', '36.99500000'], ['0.06238000', '8.53800000'], ['0.06235000', '4.05520000'], ['0.06157000', '24.33570000'], ['0.05631000', '0.87330000']]","[['0.06297000', '5.29800000'], ['0.06313000', '3.24920000']]",1693386581310
ETHBTC,"[['0.06253000', '55.17130000'], ['0.06157000', '24.33400000']]","[['0.06258000', '79.36900000'], ['0.06259000', '103.34670000']]",1693386582310
ETHBTC,"[['0.06254000', '68.49870000'], ['0.06253000', '23.29890000']]",[],1693386583310
ETHBTC,"[['0.06238000', '5.53800000'], ['0.06157000', '24.33400000']]","[['0.06313000', '2.24920000']]",1693386584310
ETHBTC,"[['0.06238000', '8.53800000'], ['0.06157000', '24.33570000']]","[['0.06258000', '78.36900000'], ['0.06259000', '104.34670000'], ['0.06313000', '3.24920000']]",1693386585310
ETHBTC,"[['0.06254000', '69.28440000'], ['0.06252000', '24.85470000'], ['0.06243000', '3.64580000'], ['0.06157000', '24.33400000']]","[['0.06262000', '20.94880000'], ['0.06263000', '45.43980000'], ['0.06270000', '98.02120000']]",1693386586310
ETHBTC,"[['0.06257000', '26.98190000'], ['0.06157000', '24.33570000']]",[],1693386588310
ETHBTC,"[['0.06243000', '56.74380000'], ['0.06238000', '5.53800000'], ['0.06157000', '24.33400000']]","[['0.06263000', '48.99750000'], ['0.06265000', '7.11770000'], ['0.06270000', '134.92320000']]",1693386589310
ETHBTC,"[['0.06257000', '23.81150000'], ['0.06254000', '37.78070000'], ['0.06253000', '53.09290000'], ['0.06248000', '25.14500000'], ['0.06238000', '8.53800000']]","[['0.06267000', '66.24340000'], ['0.06313000', '3.24920000']]",1693386590310
ETHBTC,"[['0.06256000', '41.18320000'], ['0.06235000', '4.05520000']]","[['0.06297000', '5.29800000']]",1693386591310
ETHBTC,"[['0.06254000', '67.24900000'], ['0.06253000', '23.29890000'], ['0.06248000', '25.22380000']]","[['0.06267000', '66.32090000']]",1693386592310
ETHBTC,"[['0.06254000', '37.78070000'], ['0.06253000', '52.59990000']]",[],1693386593310
ETHBTC,"[['0.06248000', '22.94310000'], ['0.06157000', '24.33570000']]",[],1693386594311
ETHBTC,"[['0.06254000', '67.06720000'], ['0.06253000', '23.29890000'], ['0.06249000', '13.42630000'], ['0.06248000', '22.86430000'], ['0.06157000', '24.33400000']]","[['0.06267000', '66.24340000']]",1693386595311
ETHBTC,"[['0.05631000', '0.87330000']]",[],1693386596311
ETHBTC,"[['0.06157000', '24.33400000']]","[['0.06261000', '18.83620000'], ['0.06262000', '21.84440000']]",1693386597311
ETHBTC,"[['0.06257000', '26.89520000'], ['0.06254000', '67.06720000'], ['0.06252000', '27.35200000'], ['0.06251000', '41.53640000'], ['0.06248000', '22.94230000'], ['0.06243000', '3.64580000']]","[['0.06263000', '48.99750000'], ['0.06267000', '66.32210000'], ['0.06270000', '98.02120000']]",1693386598311
ETHBTC,"[['0.06257000', '30.01340000'], ['0.06256000', '37.85840000'], ['0.06157000', '24.33570000']]","[['0.06259000', '60.55950000'], ['0.06260000', '78.49620000'], ['0.06264000', '56.87150000']]",1693386599311
ETHBTC,"[['0.06257000', '33.01620000'], ['0.06255000', '35.57110000'], ['0.06157000', '24.33400000']]","[['0.06288000', '3.41890000']]",1693386600311
ETHBTC,"[['0.06157000', '24.33570000']]",[],1693386601311
ETHBTC,"[['0.06235000', '4.05520000'], ['0.06157000', '24.33570000'], ['0.06112000', '2.69870000']]","[['0.06297000', '5.29800000']]",1693386602311
ETHBTC,"[['0.06243000', '56.74380000'], ['0.06157000', '24.33400000']]","[['0.06270000', '134.92320000']]",1693386603311
ETHBTC,"[['0.06112000', '2.73800000']]",[],1693386604311
ETHBTC,"[['0.06254000', '66.48520000'], ['0.06248000', '22.86430000']]","[['0.06261000', '18.25420000'], ['0.06263000', '45.43980000'], ['0.06266000', '38.24480000'], ['0.06267000', '66.24340000']]",1693386605311
ETHBTC,"[['0.06157000', '24.33570000']]","[['0.06258000', '78.30950000']]",1693386606311
ETHBTC,"[['0.06254000', '37.19870000'], ['0.06253000', '54.91910000'], ['0.06157000', '24.33400000']]",[],1693386607311
ETHBTC,[],"[['0.06347000', '0.92770000'], ['0.06349000', '19.54010000'], ['0.06448000', '4.55510000']]",1693386608311
ETHBTC,"[['0.06254000', '69.18350000'], ['0.06253000', '23.29890000'], ['0.06157000', '24.33400000']]","[['0.06258000', '78.10730000'], ['0.06267000', '66.32220000']]",1693386609311
ETHBTC,"[['0.06243000', '3.64580000']]","[['0.06270000', '98.02120000']]",1693386610311
ETHBTC,"[['0.06157000', '24.33570000']]",[],1693386611311
ETHBTC,"[['0.06254000', '37.19870000'], ['0.06253000', '55.35850000'], ['0.06235000', '4.05520000'], ['0.06157000', '24.33400000'], ['0.05631000', '0.87330000']]","[['0.06297000', '5.29800000']]",1693386612311
ETHBTC,"[['0.06254000', '69.25830000'], ['0.06253000', '23.29890000'], ['0.06248000', '22.94310000']]","[['0.06265000', '13.07790000'], ['0.06266000', '34.33370000']]",1693386613311
ETHBTC,"[['0.06255000', '37.87110000'], ['0.06252000', '31.95200000'], ['0.06250000', '89.26280000'], ['0.06248000', '27.54310000'], ['0.06246000', '67.50960000'], ['0.06243000', '56.74380000'], ['0.06208000', '2.92470000'], ['0.06129000', '8.09270000']]","[['0.06270000', '134.92320000']]",1693386614312
ETHBTC,"[['0.06254000', '37.19870000'], ['0.06253000', '55.35850000'], ['0.06207000', '2.24090000'], ['0.06122000', '57.13770000']]",[],1693386615312
ETHBTC,"[['0.06254000', '69.25830000'], ['0.06253000', '23.29890000'], ['0.06157000', '24.33570000']]","[['0.06258000', '77.02730000'], ['0.06298000', '8.48100000']]",1693386617312
ETHBTC,"[['0.06257000', '33.47700000'], ['0.06248000', '27.46430000'], ['0.06157000', '24.33400000'], ['0.06153000', '3.82210000'], ['0.06054000', '2.65650000']]","[['0.06267000', '66.24340000']]",1693386618312
ETHBTC,"[['0.06054000', '2.68380000']]",[],1693386619312
ETHBTC,"[['0.06254000', '69.84030000'], ['0.06248000', '27.54220000']]","[['0.06261000', '18.83620000'], ['0.06267000', '66.32220000'], ['0.06304000', '2.81930000']]",1693386620312
ETHBTC,[],"[['0.06298000', '7.98450000']]",1693386621312
ETHBTC,"[['0.06243000', '3.64580000'], ['0.06235000', '4.05520000']]","[['0.06259000', '46.01440000'], ['0.06260000', '93.04130000'], ['0.06270000', '98.02120000'], ['0.06297000', '5.29800000'], ['0.06308000', '2.19940000']]",1693386622312
ETHBTC,"[['0.06157000', '24.33400000']]",[],1693386623312
ETHBTC,"[['0.06254000', '35.29270000'], ['0.06253000', '55.42180000'], ['0.06252000', '27.86930000'], ['0.06249000', '7.91490000'], ['0.06248000', '57.03260000'], ['0.06247000', '112.80620000'], ['0.06243000', '56.74380000']]","[['0.06258000', '77.13320000'], ['0.06259000', '40.19530000'], ['0.06260000', '98.86240000'], ['0.06261000', '16.70660000'], ['0.06262000', '17.72180000'], ['0.06265000', '7.54560000'], ['0.06270000', '134.92320000']]",1693386625312
ETHBTC,[],"[['0.06258000', '76.70320000'], ['0.06308000', '2.69540000']]",1693386626312
ETHBTC,"[['0.06254000', '67.52330000'], ['0.06253000', '23.21210000'], ['0.06252000', '31.86470000'], ['0.05631000', '0.87330000']]","[['0.06298000', '7.63690000']]",1693386627312
ETHBTC,"[['0.06172000', '15.52870000']]","[['0.06308000', '3.19140000']]",1693386628312
ETHBTC,"[['0.06257000', '39.10900000'], ['0.06256000', '27.95260000'], ['0.06255000', '34.09010000'], ['0.06254000', '37.73840000'], ['0.06253000', '55.48020000'], ['0.06249000', '13.36050000']]","[['0.06280000', '5.77180000'], ['0.06296000', '7.88300000']]",1693386629312
ETHBTC,"[['0.06255000', '37.87110000']]",[],1693386630312
ETHBTC,"[['0.06254000', '69.73650000'], ['0.06253000', '23.21210000']]",[],1693386631312
ETHBTC,[],"[['0.06265000', '1.58540000']]",1693386632312
ETHBTC,"[['0.06235000', '4.05520000']]","[['0.06263000', '50.16800000'], ['0.06297000', '5.29800000'], ['0.06308000', '3.53860000']]",1693386633313
ETHBTC,"[['0.06243000', '3.64580000'], ['0.06007000', '2.76810000']]","[['0.06270000', '98.02120000']]",1693386634313
ETHBTC,[],"[['0.06258000', '76.20320000']]",1693386635313
ETHBTC,"[['0.06254000', '37.73840000'], ['0.06253000', '54.43690000'], ['0.06157000', '24.33740000'], ['0.06007000', '3.24330000']]",[],1693386636313
ETHBTC,"[['0.06243000', '56.74380000'], ['0.06157000', '24.33400000']]","[['0.06270000', '134.92320000']]",1693386637313
ETHBTC,"[['0.06254000', '68.57660000'], ['0.06253000', '23.21210000'], ['0.06162000', '7.32520000'], ['0.06159000', '66.86570000'], ['0.06157000', '24.33400000'], ['0.06115000', '88.46230000'], ['0.06112000', '2.66350000']]","[['0.06258000', '76.19850000']]",1693386638313
ETHBTC,"[['0.06257000', '38.64820000']]",[],1693386640313
ETHBTC,"[['0.06157000', '24.33400000'], ['0.05631000', '0.87330000']]",[],1693386642313
ETHBTC,"[['0.06235000', '4.05520000']]","[['0.06297000', '5.29800000']]",1693386643313
ETHBTC,"[['0.06250000', '93.32070000'], ['0.06249000', '10.31910000']]","[['0.06263000', '45.43980000'], ['0.07069000', '2.76410000']]",1693386644313
ETHBTC,"[['0.06254000', '37.73840000'], ['0.06253000', '53.45110000']]","[['0.06258000', '72.15010000'], ['0.06259000', '44.24370000'], ['0.06266000', '39.29030000']]",1693386645313
ETHBTC,"[['0.06243000', '3.64580000'], ['0.06157000', '24.33570000']]","[['0.06263000', '42.94250000'], ['0.06264000', '59.36880000'], ['0.06270000', '98.02120000'], ['0.06308000', '4.03460000']]",1693386646313
ETHBTC,"[['0.06157000', '24.33400000']]",[],1693386647313
ETHBTC,"[['0.06254000', '67.93570000'], ['0.06253000', '23.21210000'], ['0.06157000', '24.33740000']]",[],1693386648313
ETHBTC,"[['0.06243000', '56.74380000'], ['0.06157000', '24.33400000']]","[['0.06270000', '134.92320000']]",1693386649313
ETHBTC,"[['0.06157000', '24.33400000']]",[],1693386651313
ETHBTC,"[['0.06254000', '37.73840000'], ['0.06253000', '53.33850000']]","[['0.06308000', '3.53860000']]",1693386653313
ETHBTC,"[['0.06235000', '4.05520000']]","[['0.06297000', '5.29800000']]",1693386654314
ETHBTC,"[['0.06254000', '67.86480000'], ['0.06253000', '23.21210000']]","[['0.06259000', '43.12520000'], ['0.06314000', '3.38070000']]",1693386655314
ETHBTC,"[['0.06169000', '3.63130000'], ['0.06112000', '2.62420000'], ['0.03127000', '0.00000000'], ['0.03120000', '0.00760000'], ['0.03118000', '0.08010000']]","[['0.06258000', '72.34610000']]",1693386656314
ETHBTC,[],"[['0.06298000', '7.14040000']]",1693386657314
ETHBTC,"[['0.06243000', '3.64580000'], ['0.06169000', '4.44030000'], ['0.05631000', '0.87330000']]","[['0.06258000', '72.50270000'], ['0.06270000', '98.02120000']]",1693386658314
ETHBTC,"[['0.06177000', '7.17780000'], ['0.06157000', '24.33570000'], ['0.06112000', '2.66350000']]","[['0.06308000', '3.53860000']]",1693386659314
ETHBTC,"[['0.06257000', '38.34730000'], ['0.06157000', '24.33400000'], ['0.03129000', '0.04870000']]","[['0.06259000', '44.24370000']]",1693386660314
ETHBTC,"[['0.06255000', '49.84830000'], ['0.06246000', '61.96920000'], ['0.06243000', '56.74380000'], ['0.06181000', '19.95790000']]","[['0.06270000', '134.92320000']]",1693386661314
ETHBTC,"[['0.06255000', '46.06730000']]","[['0.06258000', '72.50270000']]",1693386662314
ETHBTC,"[['0.06256000', '31.73360000'], ['0.06157000', '24.33570000']]","[['0.06259000', '42.54990000'], ['0.06260000', '100.60450000'], ['0.06308000', '4.03460000']]",1693386663314
ETHBTC,"[['0.06248000', '56.95470000'], ['0.06235000', '4.05520000'], ['0.06182000', '6.90620000'], ['0.06157000', '24.33570000'], ['0.06111000', '137.76180000']]","[['0.06267000', '66.24340000'], ['0.06297000', '5.29800000'], ['0.06298000', '6.79280000']]",1693386664314
ETHBTC,"[['0.06157000', '24.33740000']]","[['0.06307000', '5.26670000']]",1693386665314
ETHBTC,"[['0.06257000', '38.76520000'], ['0.06182000', '6.91580000'], ['0.06157000', '24.33400000']]","[['0.06268000', '3.41330000']]",1693386666314
ETHBTC,"[['0.06257000', '38.29940000'], ['0.06249000', '10.39780000']]",[],1693386667314
ETHBTC,"[['0.06257000', '38.27190000']]","[['0.06261000', '16.70660000'], ['0.06348000', '22.27190000'], ['0.06349000', '19.47090000'], ['0.06448000', '4.55510000']]",1693386668314
ETHBTC,"[['0.06252000', '33.86240000'], ['0.06251000', '39.53870000'], ['0.06157000', '24.33400000']]","[['0.06263000', '42.94250000'], ['0.06307000', '5.61390000']]",1693386669314
ETHBTC,"[['0.06257000', '38.72680000'], ['0.06256000', '40.42540000'], ['0.06255000', '77.24840000'], ['0.06254000', '37.73840000'], ['0.06248000', '27.46430000'], ['0.06243000', '3.64580000']]","[['0.06258000', '72.24020000'], ['0.06259000', '42.54990000'], ['0.06270000', '98.02120000']]",1693386670314
ETHBTC,"[['0.06207000', '2.22790000']]",[],1693386672314
ETHBTC,"[['0.06209000', '3.93360000'], ['0.06157000', '24.33570000'], ['0.05631000', '0.87330000']]",[],1693386673314
ETHBTC,"[['0.06257000', '38.33280000'], ['0.06249000', '10.31910000'], ['0.06235000', '4.05520000'], ['0.06157000', '24.33400000']]","[['0.06268000', '3.33470000'], ['0.06297000', '5.29800000']]",1693386674314
ETHBTC,"[['0.06243000', '56.74380000']]","[['0.06270000', '134.92320000']]",1693386675315
ETHBTC,"[['0.06257000', '38.33280000'], ['0.06256000', '31.73360000'], ['0.06255000', '46.06730000'], ['0.06254000', '71.70630000'], ['0.06248000', '27.54250000'], ['0.06094000', '2.29190000']]","[['0.06259000', '41.75100000'], ['0.06267000', '66.32150000']]",1693386676315
ETHBTC,"[['0.06257000', '38.15820000'], ['0.06256000', '40.42550000'], ['0.06255000', '80.11700000'], ['0.06254000', '37.73840000'], ['0.06157000', '24.33400000'], ['0.06122000', '57.13440000'], ['0.06120000', '106.04680000']]","[['0.06259000', '41.75100000']]",1693386677315
ETHBTC,"[['0.06256000', '27.95260000'], ['0.06255000', '46.06730000'], ['0.06254000', '72.09950000'], ['0.06238000', '12.31900000']]",[],1693386678315
ETHBTC,"[['0.06206000', '6.88970000'], ['0.06172000', '15.03270000']]",[],1693386679315
ETHBTC,"[['0.06206000', '6.89300000'], ['0.06157000', '24.33570000']]",[],1693386680315
ETHBTC,"[['0.06157000', '24.33400000']]","[['0.06260000', '101.40340000']]",1693386681315
ETHBTC,"[['0.06243000', '3.64580000']]","[['0.06270000', '98.02120000']]",1693386682315
ETHBTC,"[['0.06243000', '56.74380000'], ['0.06235000', '4.05520000']]","[['0.06270000', '134.92320000'], ['0.06297000', '5.29800000']]",1693386685315
ETHBTC,"[['0.06257000', '38.65820000']]",[],1693386686315
ETHBTC,"[['0.05631000', '0.87330000']]",[],1693386688315
ETHBTC,"[['0.06255000', '46.64930000'], ['0.06254000', '71.51750000']]","[['0.06261000', '16.70660000']]",1693386689315
ETHBTC,"[['0.06157000', '24.33400000']]","[['0.06264000', '66.30960000'], ['0.06266000', '34.33370000'], ['0.06308000', '3.53860000']]",1693386690315
ETHBTC,"[['0.06257000', '38.65820000'], ['0.06254000', '37.15640000'], ['0.06253000', '53.22990000'], ['0.06252000', '33.83050000'], ['0.06250000', '92.72070000']]","[['0.06258000', '72.20830000'], ['0.06260000', '100.80340000']]",1693386691315
ETHBTC,"[['0.06250000', '88.66280000']]","[['0.06281000', '3.77340000'], ['0.06296000', '7.87980000']]",1693386692316
ETHBTC,"[['0.06257000', '29.71710000'], ['0.06256000', '35.90210000'], ['0.06255000', '47.06730000'], ['0.06254000', '37.15640000'], ['0.06253000', '23.21210000'], ['0.06247000', '117.31500000']]","[['0.06258000', '78.30770000'], ['0.06259000', '43.52430000'], ['0.06260000', '94.98230000'], ['0.06261000', '17.59820000'], ['0.06262000', '16.83020000']]",1693386693316
ETHBTC,"[['0.06257000', '26.25940000'], ['0.06256000', '36.90210000'], ['0.06255000', '47.96780000'], ['0.06253000', '23.79410000'], ['0.06252000', '29.23050000'], ['0.06250000', '84.06280000'], ['0.06248000', '22.94250000'], ['0.06246000', '78.06920000'], ['0.06243000', '3.64580000'], ['0.06238000', '12.31900000']]","[['0.06258000', '81.20980000'], ['0.06270000', '98.02120000'], ['0.06287000', '0.91680000'], ['0.06298000', '6.29630000']]",1693386694316
ETHBTC,"[['0.06257000', '26.25050000'], ['0.06254000', '37.15640000'], ['0.06235000', '4.05520000']]","[['0.06297000', '5.29800000'], ['0.06307000', '5.61390000']]",1693386695316
ETHBTC,"[['0.06254000', '66.78840000'], ['0.06243000', '56.74380000']]","[['0.06262000', '22.15630000'], ['0.06264000', '59.36880000'], ['0.06270000', '134.92320000']]",1693386697316
ETHBTC,"[['0.06254000', '37.15640000'], ['0.06157000', '24.33740000']]","[['0.06262000', '16.83020000']]",1693386698316
ETHBTC,"[['0.06252000', '29.26240000'], ['0.06157000', '24.33570000']]","[['0.06258000', '81.24170000'], ['0.06268000', '8.68030000']]",1693386699316
ETHBTC,"[['0.06257000', '11.06790000'], ['0.06256000', '31.85370000'], ['0.06255000', '56.77870000'], ['0.06254000', '36.39160000'], ['0.06250000', '84.66280000'], ['0.06238000', '8.53800000'], ['0.06157000', '24.33400000']]","[['0.06258000', '85.43750000'], ['0.06259000', '42.54610000'], ['0.06260000', '95.56090000'], ['0.06261000', '18.49380000'], ['0.06262000', '15.93460000'], ['0.06264000', '49.86880000'], ['0.06303000', '5.97340000'], ['0.06307000', '6.10990000']]",1693386700316
ETHBTC,"[['0.06256000', '38.48910000'], ['0.06255000', '59.79490000'], ['0.06254000', '40.63780000'], ['0.06252000', '57.94830000'], ['0.06248000', '22.86430000'], ['0.06238000', '8.53800000'], ['0.06157000', '24.33400000']]","[['0.06259000', '52.04610000'], ['0.06266000', '34.41400000'], ['0.06267000', '66.24340000'], ['0.06307000', '6.60590000']]",1693386701316
ETHBTC,"[['0.06257000', '16.68090000'], ['0.06256000', '35.71810000'], ['0.06255000', '56.01390000'], ['0.06254000', '40.61690000'], ['0.06247000', '117.39590000'], ['0.06157000', '24.33570000']]","[['0.06258000', '82.24170000'], ['0.06259000', '42.34170000'], ['0.06260000', '84.06900000'], ['0.06261000', '15.46140000'], ['0.06264000', '59.36880000']]",1693386702316
ETHBTC,"[['0.06256000', '37.47780000'], ['0.06255000', '56.80020000'], ['0.06254000', '36.37070000'], ['0.06253000', '23.79410000'], ['0.06252000', '27.26470000'], ['0.06250000', '86.66050000'], ['0.06157000', '24.33400000'], ['0.05631000', '0.87330000']]","[['0.06258000', '83.83960000'], ['0.06259000', '42.52430000']]",1693386703316
ETHBTC,"[['0.06256000', '41.52620000'], ['0.06255000', '52.75180000']]","[['0.06258000', '82.83960000'], ['0.06259000', '58.06940000']]",1693386704316
ETHBTC,"[['0.06255000', '53.21920000'], ['0.06253000', '50.51930000'], ['0.06235000', '4.05520000'], ['0.06157000', '24.33400000']]","[['0.06258000', '82.83960000'], ['0.06297000', '5.29800000']]",1693386705316
ETHBTC,"[['0.06257000', '16.74870000'], ['0.06255000', '49.43820000'], ['0.06243000', '3.64580000']]","[['0.06258000', '82.24170000'], ['0.06259000', '57.06940000'], ['0.06270000', '98.02120000'], ['0.06307000', '6.95310000']]",1693386706316
ETHBTC,"[['0.06254000', '36.37070000'], ['0.06253000', '23.79410000']]",[],1693386707316
ETHBTC,"[['0.06253000', '24.57980000'], ['0.06243000', '56.74380000'], ['0.06238000', '12.31900000']]","[['0.06270000', '134.92320000']]",1693386709316
ETHBTC,"[['0.06157000', '24.33570000']]","[['0.06258000', '82.71350000']]",1693386710316
ETHBTC,"[['0.06254000', '36.37070000'], ['0.06157000', '24.33400000']]",[],1693386711317
ETHBTC,"[['0.06255000', '51.73820000'], ['0.06252000', '31.86470000'], ['0.06250000', '91.26050000'], ['0.06248000', '27.46430000'], ['0.06246000', '61.96920000']]",[],1693386712317
ETHBTC,"[['0.06253000', '50.33350000'], ['0.06157000', '24.33570000']]","[['0.06258000', '78.37550000'], ['0.06259000', '69.22300000']]",1693386713317
ETHBTC,"[['0.06157000', '24.33400000']]",[],1693386714317
ETHBTC,"[['0.06257000', '22.57330000'], ['0.06256000', '41.98270000'], ['0.06255000', '45.91390000']]",[],1693386715317
ETHBTC,"[['0.06256000', '36.15880000'], ['0.06255000', '51.73980000'], ['0.06235000', '4.05520000'], ['0.06157000', '24.33400000']]","[['0.06297000', '5.29800000']]",1693386716317
ETHBTC,"[['0.06238000', '12.31900000']]","[['0.06313000', '2.24920000'], ['0.06730000', '5.47780000']]",1693386717317
ETHBTC,"[['0.06243000', '3.64580000'], ['0.05631000', '0.87330000']]","[['0.06258000', '77.90370000'], ['0.06270000', '98.02120000'], ['0.06313000', '3.24920000']]",1693386718317
ETHBTC,"[['0.06256000', '36.15880000'], ['0.06255000', '51.71830000'], ['0.06238000', '8.53800000']]","[['0.06258000', '73.40370000'], ['0.06260000', '84.04820000'], ['0.06261000', '15.47990000']]",1693386719317
ETHBTC,"[['0.06257000', '28.62010000'], ['0.06256000', '35.46090000'], ['0.06255000', '47.98420000'], ['0.06254000', '41.24590000'], ['0.06253000', '19.70630000'], ['0.06250000', '81.66050000'], ['0.06247000', '117.31500000'], ['0.06238000', '12.31900000']]","[['0.06258000', '72.13290000'], ['0.06259000', '36.65120000'], ['0.06260000', '72.41020000'], ['0.06261000', '46.44170000'], ['0.06262000', '19.96960000'], ['0.06266000', '34.33370000'], ['0.06267000', '66.32260000']]",1693386720317
ETHBTC,"[['0.06256000', '33.14260000'], ['0.06255000', '57.12870000']]","[['0.06258000', '84.11880000'], ['0.06259000', '29.32050000'], ['0.06260000', '68.15500000'], ['0.06261000', '44.87410000']]",1693386721317
ETHBTC,"[['0.06257000', '28.61810000'], ['0.06254000', '68.56390000'], ['0.06250000', '85.51600000'], ['0.06247000', '112.80620000'], ['0.06243000', '56.74380000'], ['0.06238000', '8.53800000'], ['0.06157000', '24.33570000']]","[['0.06261000', '46.91610000'], ['0.06270000', '134.92320000']]",1693386722317
ETHBTC,"[['0.06238000', '12.31900000'], ['0.06157000', '24.33400000']]","[['0.06258000', '83.11880000'], ['0.06259000', '30.79980000']]",1693386723317
ETHBTC,"[['0.06254000', '41.24590000'], ['0.06253000', '47.36060000'], ['0.06248000', '27.54460000'], ['0.06238000', '9.31900000']]","[['0.06258000', '84.11880000'], ['0.06259000', '29.79980000']]",1693386724317
ETHBTC,"[['0.06253000', '46.77860000'], ['0.06238000', '12.31900000']]","[['0.06313000', '3.24920000']]",1693386725317
ETHBTC,"[['0.06257000', '22.79350000'], ['0.06256000', '34.91890000'], ['0.06255000', '51.56660000'], ['0.06254000', '69.07040000'], ['0.06253000', '19.70630000'], ['0.06250000', '95.11600000'], ['0.06238000', '5.53800000'], ['0.06235000', '4.05520000']]","[['0.06258000', '101.51490000'], ['0.06259000', '42.44700000'], ['0.06260000', '53.60990000'], ['0.06261000', '46.89760000'], ['0.06264000', '49.86880000'], ['0.06297000', '5.29800000'], ['0.06307000', '6.45710000'], ['0.06313000', '2.24920000'], ['0.06730000', '5.48270000']]",1693386726317
ETHBTC,"[['0.06257000', '19.80590000'], ['0.06256000', '33.91890000'], ['0.06255000', '54.15900000'], ['0.06254000', '54.52530000'], ['0.06253000', '34.25140000'], ['0.06238000', '5.53800000'], ['0.06234000', '6.13550000'], ['0.06157000', '24.33570000']]","[['0.06258000', '86.96980000'], ['0.06259000', '39.42960000'], ['0.06260000', '66.40990000'], ['0.06310000', '83.31280000']]",1693386727317
ETHBTC,"[['0.06254000', '58.57370000'], ['0.06200000', '30.93210000'], ['0.06157000', '24.33570000'], ['0.06112000', '2.62420000']]","[['0.06258000', '90.09560000'], ['0.06259000', '50.84890000'], ['0.06348000', '22.20270000'], ['0.06349000', '19.54010000'], ['0.06448000', '4.55510000']]",1693386728317
ETHBTC,"[['0.06255000', '42.18180000'], ['0.06254000', '30.77080000'], ['0.06248000', '54.07400000'], ['0.06157000', '24.33400000'], ['0.06112000', '2.66350000']]","[['0.06262000', '22.46690000'], ['0.06264000', '47.37150000']]",1693386729317
ETHBTC,"[['0.06255000', '48.71680000'], ['0.06254000', '63.64350000'], ['0.06243000', '3.64580000']]","[['0.06270000', '98.02120000'], ['0.06303000', '5.47690000']]",1693386730317
ETHBTC,"[['0.06157000', '24.33570000']]","[['0.06268000', '7.13970000']]",1693386731317
ETHBTC,"[['0.06254000', '62.87430000'], ['0.06252000', '29.36740000'], ['0.06250000', '97.61330000'], ['0.06207000', '2.21490000'], ['0.06176000', '7.88530000'], ['0.06157000', '24.33400000']]","[['0.06307000', '6.45710000']]",1693386732317
ETHBTC,"[['0.06210000', '8.20110000']]",[],1693386733318
ETHBTC,"[['0.06255000', '50.46520000'], ['0.06254000', '58.82590000'], ['0.06253000', '35.02060000'], ['0.06252000', '24.76740000'], ['0.06250000', '89.15780000'], ['0.06248000', '49.47400000'], ['0.06246000', '78.06920000'], ['0.06176000', '8.22470000'], ['0.05631000', '0.87330000']]",[],1693386734318
ETHBTC,"[['0.06255000', '54.24620000'], ['0.06252000', '27.87950000'], ['0.06243000', '56.74380000']]","[['0.06270000', '134.92320000']]",1693386735318
ETHBTC,"[['0.06237000', '7.98640000'], ['0.06234000', '3.13550000'], ['0.06157000', '24.33570000']]","[['0.06258000', '89.76650000'], ['0.06307000', '6.95310000'], ['0.06310000', '82.31280000'], ['0.06312000', '3.48990000']]",1693386736318
ETHBTC,"[['0.06235000', '4.05520000'], ['0.06157000', '24.33400000']]","[['0.06297000', '5.29800000'], ['0.06302000', '10.90970000'], ['0.06307000', '7.44910000']]",1693386737318
ETHBTC,"[['0.06255000', '56.29120000'], ['0.06254000', '52.99970000'], ['0.06238000', '9.31900000'], ['0.06120000', '106.04350000'], ['0.06117000', '51.98270000']]","[['0.06258000', '89.93910000']]",1693386740318
ETHBTC,"[['0.06157000', '24.33570000']]","[['0.06258000', '88.34120000']]",1693386741318
ETHBTC,"[['0.06252000', '25.36340000'], ['0.06251000', '42.05480000'], ['0.06243000', '3.64580000'], ['0.06237000', '4.98640000'], ['0.06234000', '6.13550000'], ['0.06157000', '24.33400000']]","[['0.06263000', '42.94250000'], ['0.06270000', '98.02120000'], ['0.06308000', '3.88580000'], ['0.06312000', '2.48990000']]",1693386742318
ETHBTC,"[['0.06157000', '24.33570000']]","[['0.06309000', '4.38990000']]",1693386743318
ETHBTC,"[['0.06157000', '24.33400000']]",[],1693386744318
ETHBTC,"[['0.06257000', '24.77540000'], ['0.06243000', '56.74380000']]","[['0.06258000', '89.93910000'], ['0.06270000', '134.92320000']]",1693386745318
ETHBTC,"[['0.06257000', '19.80590000']]","[['0.06259000', '50.84890000']]",1693386746318
ETHBTC,"[['0.06257000', '25.63080000'], ['0.06256000', '31.87520000'], ['0.06255000', '56.31310000'], ['0.06254000', '52.97810000'], ['0.06238000', '5.53800000'], ['0.06235000', '4.05520000']]","[['0.06258000', '83.84120000'], ['0.06259000', '45.00460000'], ['0.06260000', '72.25090000'], ['0.06297000', '5.29800000']]",1693386747318
ETHBTC,"[['0.06257000', '26.04770000'], ['0.06256000', '34.72050000'], ['0.06255000', '41.10650000'], ['0.06254000', '25.93160000'], ['0.06253000', '59.76340000'], ['0.06250000', '79.55780000']]","[['0.06258000', '82.57870000'], ['0.06259000', '36.50460000'], ['0.06264000', '56.87150000']]",1693386748318
ETHBTC,"[['0.06257000', '28.55640000'], ['0.06256000', '34.52050000'], ['0.06255000', '46.45800000'], ['0.06238000', '5.53800000'], ['0.05631000', '0.87330000']]","[['0.06314000', '2.43220000']]",1693386749318
ETHBTC,"[['0.06257000', '28.55640000']]","[['0.06259000', '36.50460000']]",1693386750319
ETHBTC,"[['0.06257000', '28.13950000'], ['0.06256000', '28.69420000'], ['0.06255000', '52.28420000'], ['0.06254000', '44.56860000'], ['0.06253000', '60.36270000'], ['0.06247000', '107.26660000']]","[['0.06258000', '83.57870000'], ['0.06259000', '36.50460000'], ['0.06260000', '37.96720000'], ['0.06261000', '81.18050000']]",1693386751319
ETHBTC,"[['0.06254000', '70.37130000'], ['0.06253000', '35.61990000'], ['0.06234000', '3.13550000']]","[['0.06259000', '35.02530000'], ['0.06267000', '69.42080000'], ['0.06268000', '3.33470000'], ['0.06309000', '3.38990000']]",1693386752319
ETHBTC,"[['0.06257000', '28.13950000'], ['0.06234000', '6.13550000']]","[['0.06259000', '35.50460000'], ['0.06310000', '83.31280000']]",1693386753319
ETHBTC,"[['0.06256000', '37.72030000'], ['0.06255000', '48.50320000'], ['0.06254000', '44.56860000'], ['0.06248000', '22.94460000'], ['0.06243000', '3.64580000'], ['0.06238000', '9.31900000'], ['0.06160000', '72.10130000'], ['0.06159000', '12.31250000'], ['0.06111000', '137.76180000']]","[['0.06259000', '35.50460000'], ['0.06270000', '98.02120000']]",1693386754319
ETHBTC,[],"[['0.06281000', '3.77340000']]",1693386755319
ETHBTC,"[['0.06257000', '28.55650000'], ['0.06256000', '38.72030000'], ['0.06255000', '74.12340000'], ['0.06157000', '24.33570000']]","[['0.06258000', '82.57870000'], ['0.06259000', '36.50460000']]",1693386756319
ETHBTC,"[['0.06256000', '37.72030000'], ['0.06255000', '75.12340000'], ['0.06243000', '56.74380000'], ['0.06235000', '4.05520000'], ['0.06157000', '24.33400000']]","[['0.06259000', '36.02220000'], ['0.06270000', '134.92320000'], ['0.06297000', '5.29800000']]",1693386757319
ETHBTC,"[['0.06257000', '28.13950000'], ['0.06255000', '48.50320000'], ['0.06234000', '3.13550000']]","[['0.06259000', '36.50150000']]",1693386758319
ETHBTC,"[['0.06234000', '6.13550000']]","[['0.06259000', '35.70150000'], ['0.06310000', '83.31280000']]",1693386759319
ETHBTC,"[['0.06254000', '72.90480000'], ['0.06157000', '24.33570000']]",[],1693386760319
ETHBTC,"[['0.06257000', '28.11310000'], ['0.06157000', '24.33400000']]","[['0.06258000', '82.57870000'], ['0.06262000', '19.96960000'], ['0.06263000', '45.43980000']]",1693386761319
ETHBTC,"[['0.06257000', '31.22180000'], ['0.06256000', '41.50130000'], ['0.06254000', '73.67400000'], ['0.06253000', '34.85070000'], ['0.06238000', '5.53800000'], ['0.06157000', '24.33400000']]","[['0.06258000', '82.56540000'], ['0.06260000', '72.25010000'], ['0.06261000', '46.89760000'], ['0.06307000', '6.95310000']]",1693386762319
ETHBTC,"[['0.06257000', '30.80490000'], ['0.06256000', '37.72030000'], ['0.06255000', '48.50320000'], ['0.06254000', '55.03700000'], ['0.06253000', '20.30560000'], ['0.06247000', '122.14950000'], ['0.06238000', '9.31900000'], ['0.06234000', '3.13550000'], ['0.06157000', '24.33570000']]","[['0.06258000', '82.39280000'], ['0.06259000', '35.35800000'], ['0.06260000', '72.59350000'], ['0.06310000', '82.31280000']]",1693386763319
ETHBTC,"[['0.06252000', '22.25130000'], ['0.06250000', '82.05140000'], ['0.06242000', '8.26700000'], ['0.06157000', '24.33400000'], ['0.05631000', '0.87330000']]","[['0.06317000', '9.91880000']]",1693386764319
ETHBTC,"[['0.06243000', '3.64580000']]","[['0.06270000', '98.02120000']]",1693386766319
ETHBTC,"[['0.06254000', '69.58210000'], ['0.06235000', '4.05520000'], ['0.06157000', '24.33400000']]","[['0.06258000', '82.18900000'], ['0.06259000', '34.35800000'], ['0.06260000', '38.31060000'], ['0.06261000', '81.18040000'], ['0.06297000', '5.29800000']]",1693386767319
ETHBTC,[],"[['0.06307000', '6.45710000'], ['0.06308000', '4.38180000']]",1693386768319
ETHBTC,"[['0.06243000', '56.74380000'], ['0.06157000', '24.33570000']]","[['0.06270000', '134.92320000']]",1693386769320
ETHBTC,"[['0.06157000', '24.33400000']]","[['0.06259000', '34.35800000']]",1693386770320
ETHBTC,[],"[['0.06260000', '72.59340000'], ['0.06261000', '46.89760000']]",1693386771320
ETHBTC,[],"[['0.06258000', '82.17660000']]",1693386772320
ETHBTC,"[['0.06242000', '5.26700000'], ['0.06157000', '24.33400000']]","[['0.06298000', '5.94870000'], ['0.06317000', '8.91880000']]",1693386773320
ETHBTC,[],"[['0.06260000', '38.31060000'], ['0.06261000', '81.18040000'], ['0.06308000', '4.87780000'], ['0.06319000', '2.21290000']]",1693386774320
ETHBTC,"[['0.06257000', '30.30490000'], ['0.06243000', '59.74380000']]",[],1693386775320
ETHBTC,"[['0.06248000', '22.57890000'], ['0.06157000', '24.33570000'], ['0.06112000', '2.62420000']]","[['0.06258000', '81.17660000'], ['0.06259000', '35.35800000']]",1693386776320
ETHBTC,"[['0.06255000', '79.48650000'], ['0.06254000', '41.24590000'], ['0.06249000', '10.68460000'], ['0.06157000', '24.33400000']]","[['0.06259000', '34.87870000']]",1693386777320
ETHBTC,"[['0.06256000', '41.76870000'], ['0.06255000', '75.43810000'], ['0.06243000', '6.64580000'], ['0.06235000', '4.05520000']]","[['0.06259000', '35.17540000'], ['0.06270000', '98.02120000'], ['0.06297000', '5.29800000']]",1693386778320
ETHBTC,"[['0.06256000', '41.78680000'], ['0.06255000', '44.43320000'], ['0.05631000', '0.87330000']]","[['0.06307000', '6.80430000']]",1693386779320
ETHBTC,"[['0.06254000', '72.50570000']]","[['0.06319000', '1.21290000']]",1693386780320
ETHBTC,"[['0.06243000', '3.64580000']]",[],1693386781320
ETHBTC,"[['0.06257000', '30.29890000'], ['0.06242000', '8.26700000']]","[['0.06258000', '82.17660000'], ['0.06259000', '34.17540000'], ['0.06260000', '72.59340000'], ['0.06261000', '46.89760000'], ['0.06318000', '5.01280000']]",1693386782320
ETHBTC,"[['0.06256000', '37.73840000'], ['0.06255000', '48.48160000'], ['0.06243000', '56.74380000'], ['0.06157000', '24.33570000']]","[['0.06270000', '134.92320000'], ['0.06318000', '4.01280000']]",1693386783320
ETHBTC,"[['0.06242000', '5.26700000'], ['0.06157000', '24.33570000']]",[],1693386784320
ETHBTC,"[['0.06246000', '81.06920000'], ['0.06157000', '24.33400000']]","[['0.06258000', '81.17660000'], ['0.06259000', '35.17540000'], ['0.06322000', '9.67340000']]",1693386785320
ETHBTC,"[['0.06112000', '2.66350000']]","[['0.06258000', '82.17660000'], ['0.06259000', '34.17540000']]",1693386786320
ETHBTC,"[['0.06235000', '4.05520000']]","[['0.06258000', '82.17410000'], ['0.06297000', '5.29800000'], ['0.06448000', '4.55510000']]",1693386788321
ETHBTC,"[['0.06257000', '30.29140000'], ['0.06157000', '24.33400000']]",[],1693386789321
ETHBTC,"[['0.06243000', '3.64580000'], ['0.06157000', '24.33400000']]","[['0.06259000', '39.99850000'], ['0.06260000', '66.77050000'], ['0.06270000', '98.02120000']]",1693386790321
ETHBTC,"[['0.06255000', '48.01420000'], ['0.06246000', '78.06920000'], ['0.06157000', '24.33400000']]","[['0.06322000', '8.67340000']]",1693386791321
ETHBTC,"[['0.06257000', '30.75780000'], ['0.06247000', '125.14950000']]","[['0.06266000', '36.88550000'], ['0.06267000', '66.32260000'], ['0.06322000', '9.67340000']]",1693386792321
ETHBTC,"[['0.06247000', '122.14950000'], ['0.06243000', '56.74380000'], ['0.06207000', '2.20190000']]","[['0.06270000', '134.92320000']]",1693386793321
ETHBTC,"[['0.06246000', '81.06920000'], ['0.06212000', '2.42910000'], ['0.06157000', '24.33400000'], ['0.05631000', '0.87330000']]","[['0.06321000', '6.46040000'], ['0.06322000', '8.67340000']]",1693386794321
ETHBTC,"[['0.06157000', '24.33570000']]",[],1693386796321
ETHBTC,"[['0.06157000', '24.33400000']]",[],1693386797321
ETHBTC,"[['0.06257000', '30.29140000'], ['0.06235000', '4.05520000']]","[['0.06297000', '5.29800000']]",1693386798321
ETHBTC,[],"[['0.06258000', '82.15720000'], ['0.06308000', '4.38180000']]",1693386799321
ETHBTC,"[['0.06257000', '30.70850000'], ['0.06256000', '41.78680000'], ['0.06255000', '43.96580000']]","[['0.06258000', '82.15720000'], ['0.06259000', '39.99850000']]",1693386800321
ETHBTC,"[['0.06157000', '24.33570000']]","[['0.06258000', '82.11830000']]",1693386801321
ETHBTC,"[['0.06243000', '3.64580000'], ['0.06157000', '24.33400000']]","[['0.06270000', '98.02120000']]",1693386802321
ETHBTC,"[['0.06117000', '51.97940000'], ['0.06113000', '2.68730000']]",[],1693386803321
ETHBTC,"[['0.06257000', '30.36570000'], ['0.06255000', '46.26580000'], ['0.06252000', '28.84900000'], ['0.06250000', '84.65370000'], ['0.06248000', '27.17890000'], ['0.06246000', '64.96920000']]","[['0.06260000', '64.47050000'], ['0.06261000', '49.19760000'], ['0.06263000', '45.43980000'], ['0.06308000', '4.38180000']]",1693386804321
ETHBTC,"[['0.06257000', '30.28820000'], ['0.06256000', '43.38680000'], ['0.06255000', '44.66580000'], ['0.06243000', '56.74380000']]","[['0.06270000', '134.92320000']]",1693386805322
ETHBTC,"[['0.06257000', '30.30650000'], ['0.06157000', '24.33570000']]","[['0.06258000', '82.10460000']]",1693386806322
ETHBTC,"[['0.06257000', '30.35100000'], ['0.06157000', '24.33400000']]","[['0.06258000', '82.08440000']]",1693386807322
ETHBTC,"[['0.06257000', '30.28820000']]",[],1693386808322
ETHBTC,"[['0.06257000', '30.28820000'], ['0.06235000', '4.05520000'], ['0.06157000', '24.33570000'], ['0.05631000', '0.87330000']]","[['0.06297000', '5.29800000'], ['0.06321000', '5.46040000']]",1693386809322
ETHBTC,"[['0.06246000', '61.96920000'], ['0.06245000', '7.71960000'], ['0.06157000', '24.33400000']]","[['0.06258000', '82.08150000'], ['0.06320000', '125.84480000']]",1693386810322
ETHBTC,"[['0.06257000', '30.70580000'], ['0.06250000', '82.16010000'], ['0.06247000', '124.39970000']]","[['0.06258000', '78.03310000'], ['0.06259000', '23.67870000'], ['0.06260000', '84.83870000'], ['0.06298000', '5.60110000'], ['0.06308000', '4.87780000']]",1693386811322
ETHBTC,"[['0.06257000', '31.17610000']]",[],1693386812322
ETHBTC,"[['0.06255000', '44.66580000'], ['0.06254000', '41.24590000'], ['0.06248000', '27.22390000'], ['0.06243000', '3.64580000'], ['0.06242000', '5.22200000']]","[['0.06258000', '78.02020000'], ['0.06259000', '23.67870000'], ['0.06270000', '98.02120000']]",1693386814322
ETHBTC,"[['0.06255000', '78.08570000'], ['0.06245000', '4.71960000']]","[['0.06259000', '23.19940000'], ['0.06320000', '124.84480000'], ['0.06353000', '2.46790000']]",1693386815322
ETHBTC,"[['0.06255000', '44.66580000'], ['0.06244000', '17.32850000']]","[['0.06258000', '78.00270000'], ['0.06259000', '23.67870000'], ['0.06320000', '125.84480000'], ['0.06353000', '2.46620000']]",1693386816322
ETHBTC,"[['0.06254000', '74.78900000'], ['0.06162000', '7.32700000']]","[['0.06258000', '77.98030000'], ['0.06259000', '23.19940000'], ['0.06308000', '5.22500000']]",1693386817322
ETHBTC,"[['0.06243000', '56.74380000'], ['0.06162000', '7.32520000']]","[['0.06259000', '23.67870000'], ['0.06270000', '134.92320000'], ['0.06281000', '3.77020000'], ['0.06283000', '2.69580000']]",1693386818322
ETHBTC,"[['0.06257000', '31.22560000'], ['0.06235000', '4.05520000']]","[['0.06297000', '5.29800000']]",1693386819322
ETHBTC,"[['0.06256000', '49.21330000'], ['0.06255000', '38.83960000']]","[['0.06258000', '77.96920000'], ['0.06259000', '23.19940000'], ['0.06260000', '84.97140000']]",1693386820322
ETHBTC,"[['0.06257000', '50.10070000'], ['0.06256000', '32.86500000'], ['0.06255000', '37.83960000'], ['0.06244000', '14.32850000']]","[['0.06258000', '76.96190000'], ['0.06259000', '24.19940000'], ['0.06320000', '124.84480000']]",1693386821322
ETHBTC,"[['0.06257000', '54.60070000'], ['0.06256000', '36.64600000'], ['0.06252000', '31.34630000'], ['0.06250000', '79.66280000'], ['0.06243000', '59.74380000'], ['0.06238000', '5.53800000']]","[['0.06258000', '68.12350000'], ['0.06259000', '30.02390000'], ['0.06260000', '51.14980000'], ['0.06261000', '83.50230000'], ['0.06319000', '2.21290000']]",1693386822322
ETHBTC,"[['0.06256000', '30.23890000'], ['0.06255000', '44.48940000'], ['0.06254000', '41.24590000'], ['0.06157000', '24.33400000']]",[],1693386823322
ETHBTC,"[['0.06257000', '58.64910000'], ['0.06256000', '53.12590000'], ['0.06255000', '57.09750000'], ['0.06254000', '26.70080000'], ['0.06248000', '51.49010000'], ['0.06238000', '9.31900000'], ['0.06157000', '24.33570000']]","[['0.06261000', '79.57430000'], ['0.06266000', '39.18550000']]",1693386824322
ETHBTC,"[['0.06256000', '43.03560000'], ['0.06255000', '24.75170000'], ['0.06157000', '24.33400000'], ['0.05631000', '0.87330000']]","[['0.06258000', '67.49780000'], ['0.06260000', '50.03130000'], ['0.06261000', '80.69280000']]",1693386825323
ETHBTC,"[['0.06257000', '59.75960000'], ['0.06256000', '45.04300000'], ['0.06255000', '59.72660000'], ['0.06254000', '28.08580000'], ['0.06253000', '18.92060000'], ['0.06243000', '6.64580000'], ['0.06157000', '24.33570000']]","[['0.06259000', '30.64060000'], ['0.06260000', '49.23240000'], ['0.06270000', '98.02120000']]",1693386826323
ETHBTC,"[['0.06257000', '58.64910000'], ['0.06157000', '24.33400000']]","[['0.06319000', '1.21290000']]",1693386827323
ETHBTC,"[['0.06243000', '3.64580000'], ['0.06242000', '8.22200000']]","[['0.06260000', '48.60880000'], ['0.06318000', '5.01280000']]",1693386828323
ETHBTC,"[['0.06257000', '66.82900000'], ['0.06256000', '46.15350000'], ['0.06255000', '58.92780000'], ['0.06243000', '56.74380000'], ['0.06238000', '5.53800000']]","[['0.06258000', '55.83890000'], ['0.06259000', '28.72320000'], ['0.06260000', '59.51990000'], ['0.06270000', '134.92320000']]",1693386829323
ETHBTC,"[['0.06257000', '67.82900000'], ['0.06256000', '45.15350000'], ['0.06255000', '59.50980000'], ['0.06253000', '18.33860000'], ['0.06235000', '4.05520000'], ['0.06157000', '24.33400000']]","[['0.06259000', '29.64030000'], ['0.06260000', '61.27790000'], ['0.06261000', '81.22910000'], ['0.06297000', '5.29800000']]",1693386830323
ETHBTC,"[['0.06256000', '54.74430000'], ['0.06251000', '32.45630000'], ['0.06238000', '9.31900000']]","[['0.06259000', '27.72320000'], ['0.06260000', '61.75720000']]",1693386831323
ETHBTC,"[['0.06248000', '51.40980000']]","[['0.06259000', '29.52200000'], ['0.06260000', '56.05240000'], ['0.06261000', '86.16060000'], ['0.06267000', '66.24340000'], ['0.06268000', '3.40390000']]",1693386832323
ETHBTC,"[['0.06257000', '68.62780000'], ['0.06250000', '79.73250000'], ['0.06112000', '2.62420000']]","[['0.06259000', '28.72320000'], ['0.06260000', '56.85120000']]",1693386833323
ETHBTC,"[['0.06257000', '67.62780000'], ['0.06256000', '55.74430000']]",[],1693386834323
ETHBTC,"[['0.06257000', '66.82900000']]","[['0.06260000', '56.85160000'], ['0.06308000', '4.72900000']]",1693386835323
ETHBTC,[],"[['0.06258000', '55.62330000']]",1693386836323
ETHBTC,"[['0.06157000', '24.33400000']]","[['0.06258000', '55.61320000'], ['0.06261000', '86.95940000']]",1693386837323
ETHBTC,"[['0.06257000', '67.62780000'], ['0.06256000', '50.94430000'], ['0.06255000', '34.30690000'], ['0.06243000', '3.64580000'], ['0.06157000', '24.33570000'], ['0.06112000', '2.66350000'], ['0.06085000', '12.05970000']]","[['0.06258000', '55.59800000'], ['0.06266000', '36.63370000'], ['0.06270000', '98.02120000']]",1693386838323
ETHBTC,"[['0.06157000', '24.33400000']]","[['0.06258000', '55.58540000'], ['0.06259000', '27.72320000'], ['0.06260000', '57.85160000'], ['0.06270000', '100.41280000']]",1693386839323
ETHBTC,"[['0.06235000', '4.05520000'], ['0.05631000', '0.87330000']]","[['0.06258000', '55.57100000'], ['0.06297000', '5.29800000']]",1693386840323
ETHBTC,"[['0.06257000', '62.78060000'], ['0.06256000', '86.51470000'], ['0.06255000', '48.85200000'], ['0.06254000', '27.31660000'], ['0.06253000', '20.85470000'], ['0.06251000', '29.94020000'], ['0.06248000', '51.64980000'], ['0.06242000', '7.98200000']]","[['0.06258000', '52.30200000'], ['0.06259000', '30.52070000'], ['0.06260000', '63.67440000'], ['0.06261000', '46.85350000'], ['0.06263000', '40.92600000'], ['0.06265000', '6.09920000'], ['0.06308000', '4.23300000']]",1693386841323
ETHBTC,"[['0.06257000', '62.98180000'], ['0.06256000', '85.51470000']]","[['0.06259000', '31.52070000'], ['0.06260000', '63.13290000'], ['0.06308000', '4.72900000']]",1693386842323
ETHBTC,"[['0.06257000', '67.03020000'], ['0.06256000', '85.24730000'], ['0.06238000', '5.53800000'], ['0.06007000', '2.76810000']]","[['0.06258000', '52.25710000'], ['0.06259000', '31.52070000']]",1693386843323
ETHBTC,"[['0.06257000', '67.82900000'], ['0.06111000', '137.76180000']]","[['0.06258000', '52.25240000'], ['0.06259000', '30.52070000'], ['0.06260000', '64.13290000']]",1693386844324
ETHBTC,"[['0.06243000', '56.74380000'], ['0.06242000', '4.98200000'], ['0.06007000', '3.24330000']]","[['0.06261000', '78.23470000'], ['0.06270000', '137.31480000']]",1693386845324
ETHBTC,[],"[['0.06261000', '46.85350000'], ['0.06318000', '4.01280000']]",1693386846324
ETHBTC,"[['0.06256000', '84.47810000'], ['0.06255000', '49.62120000'], ['0.06242000', '7.98200000'], ['0.06157000', '24.33400000']]","[['0.06261000', '78.16770000'], ['0.06317000', '9.91880000']]",1693386847324
ETHBTC,[],"[['0.06308000', '4.87780000'], ['0.06348000', '22.27190000'], ['0.06349000', '19.47090000'], ['0.06448000', '4.55510000']]",1693386848324
ETHBTC,"[['0.06257000', '67.82900000'], ['0.06157000', '24.33570000']]",[],1693386849324
ETHBTC,"[['0.06257000', '67.89850000'], ['0.06243000', '3.64580000'], ['0.06235000', '4.05520000'], ['0.06157000', '24.33400000']]","[['0.06270000', '100.41280000'], ['0.06297000', '5.29800000']]",1693386850324
ETHBTC,"[['0.06256000', '39.18020000'], ['0.06255000', '94.91910000'], ['0.06242000', '4.98200000'], ['0.06182000', '6.90620000']]",[],1693386851324
ETHBTC,"[['0.06257000', '68.69730000'], ['0.06256000', '84.47810000'], ['0.06255000', '49.62120000'], ['0.06241000', '15.81180000'], ['0.06209000', '3.92060000']]","[['0.06258000', '52.25050000'], ['0.06317000', '9.91880000']]",1693386852324
ETHBTC,"[['0.06257000', '68.62780000'], ['0.06243000', '56.74380000'], ['0.06215000', '1.08290000']]","[['0.06270000', '137.31480000']]",1693386853324
ETHBTC,"[['0.06257000', '68.62780000'], ['0.06182000', '6.91580000']]","[['0.06308000', '5.22500000']]",1693386854324
ETHBTC,"[['0.05631000', '0.87330000']]",[],1693386855324
ETHBTC,"[['0.06250000', '79.66280000']]","[['0.06268000', '3.33470000']]",1693386858324
ETHBTC,"[['0.06257000', '67.03020000'], ['0.06256000', '39.97900000'], ['0.06254000', '72.61450000']]","[['0.06261000', '46.85350000'], ['0.06268000', '3.40240000']]",1693386859324
ETHBTC,"[['0.06235000', '4.05520000']]","[['0.06261000', '46.85350000'], ['0.06297000', '5.29800000']]",1693386860324
ETHBTC,"[['0.06250000', '79.73070000'], ['0.06243000', '3.64580000'], ['0.06157000', '24.33400000']]","[['0.06261000', '77.89270000'], ['0.06266000', '35.94730000'], ['0.06269000', '0.81380000'], ['0.06270000', '100.41280000']]",1693386862324
ETHBTC,"[['0.06257000', '67.82900000'], ['0.06255000', '94.91910000'], ['0.06254000', '27.31660000']]",[],1693386863324
ETHBTC,"[['0.06257000', '67.03020000']]","[['0.06261000', '46.85350000']]",1693386864325
ETHBTC,"[['0.06243000', '56.74380000']]","[['0.06258000', '51.53270000'], ['0.06261000', '77.89260000'], ['0.06270000', '137.31480000']]",1693386865325
ETHBTC,"[['0.06113000', '2.68400000'], ['0.06110000', '14.57910000']]","[['0.06266000', '36.63370000'], ['0.06269000', '0.12740000']]",1693386866325
ETHBTC,[],"[['0.06258000', '40.35060000'], ['0.06259000', '36.94760000'], ['0.06263000', '38.42870000'], ['0.06264000', '59.36880000']]",1693386867325
ETHBTC,[],"[['0.06308000', '4.72900000']]",1693386870325
ETHBTC,"[['0.06235000', '4.05520000'], ['0.05631000', '0.87330000']]","[['0.06297000', '5.29800000']]",1693386871325
ETHBTC,"[['0.06256000', '85.09350000'], ['0.06255000', '49.62120000']]",[],1693386872325
ETHBTC,"[['0.06256000', '40.77780000'], ['0.06255000', '94.73570000']]","[['0.06261000', '46.85350000'], ['0.06262000', '49.80030000'], ['0.06350000', '225.86050000'], ['0.06352000', '33.55110000']]",1693386873325
ETHBTC,"[['0.06243000', '3.64580000'], ['0.06157000', '24.33570000']]","[['0.06270000', '100.41280000']]",1693386874325
ETHBTC,"[['0.06256000', '86.07570000'], ['0.06255000', '49.62120000'], ['0.06157000', '24.33400000']]",[],1693386875325
ETHBTC,[],"[['0.06301000', '3.87600000'], ['0.06308000', '4.23300000']]",1693386876325
ETHBTC,"[['0.06226000', '4.80380000']]","[['0.06261000', '75.91160000'], ['0.06262000', '19.96960000']]",1693386877325
ETHBTC,"[['0.06243000', '56.74380000']]","[['0.06258000', '43.46380000'], ['0.06259000', '33.67400000'], ['0.06270000', '137.31480000']]",1693386878325
ETHBTC,"[['0.06257000', '66.53020000']]","[['0.06261000', '46.85350000'], ['0.06262000', '48.95280000']]",1693386879325
ETHBTC,"[['0.06257000', '65.53020000'], ['0.06256000', '87.07570000'], ['0.06235000', '4.05520000']]","[['0.06259000', '34.67400000'], ['0.06260000', '63.13290000'], ['0.06261000', '75.83070000'], ['0.06262000', '19.96960000'], ['0.06283000', '2.69580000'], ['0.06297000', '5.29800000']]",1693386881325
ETHBTC,[],"[['0.06301000', '4.37250000']]",1693386882325
ETHBTC,[],"[['0.06307000', '6.45710000']]",1693386883326
ETHBTC,"[['0.06257000', '59.32980000'], ['0.06256000', '90.12410000'], ['0.06255000', '50.62120000'], ['0.06250000', '79.66280000']]","[['0.06258000', '51.69530000'], ['0.06259000', '27.24710000'], ['0.06261000', '48.16790000'], ['0.06262000', '49.02770000'], ['0.06268000', '3.33470000']]",1693386884326
ETHBTC,"[['0.06257000', '48.95540000'], ['0.06256000', '32.91530000'], ['0.06255000', '58.76590000'], ['0.06251000', '39.53870000'], ['0.06249000', '10.75280000'], ['0.06157000', '24.33570000']]","[['0.06258000', '61.13990000'], ['0.06259000', '23.21900000'], ['0.06260000', '57.31010000'], ['0.06261000', '47.56400000'], ['0.06262000', '19.96960000']]",1693386885326
ETHBTC,"[['0.06257000', '51.75510000'], ['0.06256000', '22.24330000'], ['0.06255000', '97.81050000'], ['0.06254000', '41.86170000'], ['0.06243000', '3.64580000'], ['0.06238000', '5.53800000'], ['0.06157000', '24.33400000'], ['0.05631000', '0.87330000']]","[['0.06258000', '64.46570000'], ['0.06259000', '18.37540000'], ['0.06260000', '57.33080000'], ['0.06261000', '49.03760000'], ['0.06267000', '66.31170000'], ['0.06270000', '100.41280000']]",1693386886326
ETHBTC,"[['0.06256000', '23.04210000']]","[['0.06258000', '64.46570000'], ['0.06259000', '22.20220000'], ['0.06262000', '20.86520000']]",1693386887326
ETHBTC,"[['0.06257000', '51.28480000'], ['0.06254000', '41.26240000'], ['0.06157000', '24.33400000']]","[['0.06258000', '62.86380000']]",1693386888326
ETHBTC,"[['0.06241000', '12.81180000'], ['0.06240000', '123.63380000'], ['0.06112000', '2.62420000']]","[['0.06301000', '4.72010000'], ['0.06316000', '6.80810000'], ['0.06317000', '8.91880000']]",1693386889326
ETHBTC,[],"[['0.06258000', '62.86380000'], ['0.06261000', '79.55860000'], ['0.06301000', '4.22360000']]",1693386890326
ETHBTC,"[['0.06257000', '50.86790000'], ['0.06256000', '22.24330000'], ['0.06255000', '98.60930000'], ['0.06243000', '56.74380000'], ['0.06235000', '4.05520000']]","[['0.06261000', '78.44030000'], ['0.06270000', '137.31480000'], ['0.06297000', '5.29800000'], ['0.06302000', '10.41320000']]",1693386891326
ETHBTC,"[['0.06257000', '51.28470000']]","[['0.06258000', '62.85480000'], ['0.06259000', '23.32060000']]",1693386892326
ETHBTC,[],"[['0.06258000', '62.85480000']]",1693386893326
ETHBTC,"[['0.06256000', '26.29170000'], ['0.06255000', '85.88360000']]","[['0.06258000', '63.02820000']]",1693386894326
ETHBTC,"[['0.06240000', '123.63380000']]","[['0.06316000', '5.80810000']]",1693386895326
ETHBTC,[],"[['0.06258000', '63.02820000'], ['0.06308000', '5.22500000'], ['0.06316000', '6.80810000']]",1693386896326
ETHBTC,[],"[['0.06258000', '63.02820000'], ['0.06301000', '4.22360000']]",1693386897326
ETHBTC,"[['0.06243000', '3.64580000']]","[['0.06258000', '63.02820000'], ['0.06270000', '100.41280000']]",1693386898326
ETHBTC,[],"[['0.06259000', '23.78670000']]",1693386899326
ETHBTC,"[['0.06257000', '47.80870000'], ['0.06256000', '18.46230000'], ['0.06255000', '80.32100000'], ['0.06254000', '41.28070000'], ['0.06250000', '89.26280000'], ['0.06240000', '120.63380000'], ['0.06238000', '9.31900000'], ['0.06112000', '2.66350000']]","[['0.06259000', '32.84120000'], ['0.06260000', '89.46610000'], ['0.06261000', '47.91930000'], ['0.06264000', '49.86880000']]",1693386900326
ETHBTC,"[['0.06256000', '22.24330000'], ['0.06255000', '81.60500000'], ['0.06254000', '43.04990000'], ['0.06240000', '123.63380000'], ['0.06238000', '5.53800000'], ['0.06157000', '24.33400000'], ['0.05631000', '0.87330000']]","[['0.06263000', '40.42640000'], ['0.06265000', '4.10150000'], ['0.06316000', '6.80810000']]",1693386901326
ETHBTC,"[['0.06235000', '4.05520000'], ['0.05425000', '0.53230000'], ['0.05424000', '0.99630000']]","[['0.06259000', '33.02380000'], ['0.06263000', '42.94250000'], ['0.06265000', '1.58540000'], ['0.06297000', '5.29800000']]",1693386902327
ETHBTC,"[['0.06256000', '23.38700000'], ['0.06255000', '79.35070000'], ['0.06249000', '10.68460000'], ['0.06248000', '51.71750000'], ['0.06243000', '56.74380000']]","[['0.06258000', '63.82710000'], ['0.06260000', '87.54900000'], ['0.06267000', '66.24340000'], ['0.06270000', '137.31480000'], ['0.06307000', '6.10990000'], ['0.06308000', '5.72100000']]",1693386903327
ETHBTC,"[['0.06257000', '41.98460000'], ['0.06256000', '29.21150000']]","[['0.06258000', '64.94560000'], ['0.06266000', '36.70220000']]",1693386904327
ETHBTC,"[['0.06255000', '80.35070000'], ['0.06254000', '42.04990000'], ['0.06157000', '24.33400000']]","[['0.06259000', '31.90540000']]",1693386905327
ETHBTC,"[['0.06257000', '47.80960000'], ['0.06256000', '19.40170000'], ['0.06255000', '41.36410000'], ['0.06254000', '41.65800000'], ['0.06253000', '18.33860000'], ['0.06252000', '28.84900000'], ['0.06251000', '42.05480000'], ['0.06250000', '91.76010000']]","[['0.06258000', '57.80020000'], ['0.06259000', '29.16800000'], ['0.06260000', '88.68610000'], ['0.06261000', '48.81490000'], ['0.06262000', '22.46690000'], ['0.06264000', '56.87150000']]",1693386906327
ETHBTC,"[['0.06257000', '51.00040000'], ['0.06256000', '30.00890000'], ['0.06255000', '31.29390000'], ['0.06254000', '74.19600000'], ['0.06240000', '123.63380000'], ['0.06038000', '1.73730000']]","[['0.06258000', '56.04340000'], ['0.06259000', '25.11930000'], ['0.06260000', '94.50900000'], ['0.06261000', '47.02770000'], ['0.06262000', '23.35850000'], ['0.06316000', '6.80810000']]",1693386907327
ETHBTC,"[['0.06257000', '51.50030000'], ['0.06255000', '40.88620000'], ['0.06250000', '82.16010000'], ['0.06248000', '51.64980000']]","[['0.06258000', '51.90400000'], ['0.06259000', '29.16770000'], ['0.06261000', '46.29530000'], ['0.06266000', '36.63370000'], ['0.06448000', '4.55510000']]",1693386908327
ETHBTC,"[['0.06256000', '33.22360000'], ['0.06255000', '37.64420000'], ['0.06038000', '1.80350000']]","[['0.06267000', '66.31210000'], ['0.06308000', '6.06820000']]",1693386909327
ETHBTC,"[['0.06257000', '51.41800000'], ['0.06252000', '31.34630000'], ['0.06250000', '79.66280000'], ['0.06249000', '10.75350000'], ['0.06243000', '3.64580000']]","[['0.06258000', '51.73790000'], ['0.06270000', '100.41280000']]",1693386910327
ETHBTC,"[['0.06252000', '31.31440000'], ['0.06250000', '79.06280000']]","[['0.06258000', '51.70600000'], ['0.06260000', '93.90900000'], ['0.06298000', '5.10460000']]",1693386911327
ETHBTC,"[['0.06257000', '54.67860000'], ['0.06256000', '29.00890000'], ['0.06255000', '38.64420000'], ['0.06235000', '4.05520000'], ['0.05850000', '103.79130000']]","[['0.06258000', '61.57820000'], ['0.06259000', '25.11930000'], ['0.06260000', '55.79740000'], ['0.06261000', '80.11290000'], ['0.06262000', '20.86120000'], ['0.06264000', '59.36880000'], ['0.06297000', '5.29800000']]",1693386912327
ETHBTC,"[['0.06255000', '71.32080000'], ['0.06254000', '43.21290000'], ['0.06213000', '5.24740000'], ['0.06210000', '8.18810000']]","[['0.06258000', '62.57820000'], ['0.06259000', '24.59280000'], ['0.06260000', '58.09740000'], ['0.06266000', '34.33370000']]",1693386913327
ETHBTC,"[['0.06256000', '25.22790000'], ['0.06255000', '38.64420000'], ['0.06242000', '58.08000000'], ['0.06157000', '24.33400000'], ['0.05884000', '0.48910000']]","[['0.06263000', '42.94250000'], ['0.06269000', '37.02940000']]",1693386914327
ETHBTC,"[['0.06256000', '29.00890000'], ['0.06255000', '38.64420000'], ['0.05969000', '13.64120000']]",[],1693386915327
ETHBTC,"[['0.06256000', '26.33850000'], ['0.06157000', '24.34250000'], ['0.05631000', '0.87330000']]","[['0.06259000', '18.76860000'], ['0.06260000', '63.92010000']]",1693386916327
ETHBTC,"[['0.06157000', '24.33570000']]","[['0.06308000', '6.56420000']]",1693386917327
ETHBTC,"[['0.06255000', '38.64420000'], ['0.06157000', '24.33400000']]","[['0.06260000', '64.10270000']]",1693386918327
ETHBTC,"[['0.06257000', '54.67800000'], ['0.06252000', '31.34630000']]","[['0.06258000', '62.61010000']]",1693386919327
ETHBTC,"[['0.06250000', '79.66280000'], ['0.06238000', '9.31900000']]","[['0.06260000', '64.70270000']]",1693386920327
